<?xml version="1.0" encoding="UTF-8"?>
<!DOCTYPE html PUBLIC "-//W3C//DTD XHTML 1.0 Transitional//EN"
    "http://www.w3.org/TR/xhtml1/DTD/xhtml1-transitional.dtd">
<html xmlns="http://www.w3.org/1999/xhtml" xml:lang="en" lang="en">
 <head>
  <title>
</title>
<meta http-equiv="Content-Type" content="text/html;charset=utf-8" />
  <meta name='ocr-system' content='tesseract 3.04.00' />
  <meta name='ocr-capabilities' content='ocr_page ocr_carea ocr_par ocr_line ocrx_word'/>
</head>
<body>
  <div class='ocr_page' id='page_1' title='image "./thomhobbesmalme06hobbgoog_0186.png"; bbox 0 0 2932 5054; ppageno 0'>
   <div class='ocr_carea' id='block_1_1' title="bbox 387 387 1198 470">
    <p class='ocr_par' dir='ltr' id='par_1_1' title="bbox 387 387 1198 470">
     <span class='ocr_line' id='line_1_1' title="bbox 387 387 1198 470; baseline -0.002 -9"><span class='ocrx_word' id='word_1_1' title='bbox 387 408 575 470; x_wconf 77' lang='lat' dir='ltr'>snruuor</span> <span class='ocrx_word' id='word_1_2' title='bbox 594 407 865 462; x_wconf 76' lang='lat' dir='ltr'>enumerares</span> <span class='ocrx_word' id='word_1_3' title='bbox 884 407 973 461; x_wconf 84' lang='lat' dir='ltr'>nro.</span> <span class='ocrx_word' id='word_1_4' title='bbox 1129 387 1198 468; x_wconf 87' lang='lat'>179</span> 
     </span>
    </p>
   </div>
   <div class='ocr_carea' id='block_1_2' title="bbox 157 573 1448 674">
    <p class='ocr_par' dir='ltr' id='par_1_2' title="bbox 157 573 1448 674">
     <span class='ocr_line' id='line_1_2' title="bbox 157 573 1448 674; baseline -0.012 -25"><span class='ocrx_word' id='word_1_5' title='bbox 157 573 280 671; x_wconf 86' lang='lat' dir='ltr'>posita</span> <span class='ocrx_word' id='word_1_6' title='bbox 304 597 350 648; x_wconf 89' lang='lat' dir='ltr'>ex</span> <span class='ocrx_word' id='word_1_7' title='bbox 377 575 482 650; x_wconf 87' lang='lat' dir='ltr'>radio</span> <span class='ocrx_word' id='word_1_8' title='bbox 510 586 547 651; x_wconf 89' lang='lat' dir='ltr'>et</span> <span class='ocrx_word' id='word_1_9' title='bbox 575 589 752 674; x_wconf 83' lang='lat' dir='ltr'><strong>tangente</strong></span> <span class='ocrx_word' id='word_1_10' title='bbox 788 585 836 651; x_wconf 88' lang='grc'>30</span> <span class='ocrx_word' id='word_1_11' title='bbox 871 575 1054 672; x_wconf 85' lang='lat' dir='ltr'>graduum</span> <span class='ocrx_word' id='word_1_12' title='bbox 1088 575 1200 649; x_wconf 88' lang='lat' dir='ltr'>etiam</span> <span class='ocrx_word' id='word_1_13' title='bbox 1252 598 1321 640; x_wconf 76' lang='lat' dir='ltr'>osa</span> <span class='ocrx_word' id='word_1_14' title='bbox 1335 598 1377 639; x_wconf 78' lang='lat' dir='ltr'>vr.</span> <span class='ocrx_word' id='word_1_15' title='bbox 1446 590 1448 594; x_wconf 51' lang='lat'><strong><em>¹</em></strong></span> 
     </span>
    </p>
   </div>
   <div class='ocr_carea' id='block_1_3' title="bbox 159 667 1415 784">
    <p class='ocr_par' dir='ltr' id='par_1_3' title="bbox 159 667 1415 784">
     <span class='ocr_line' id='line_1_3' title="bbox 159 667 1415 784; baseline 0.003 -24"><span class='ocrx_word' id='word_1_16' title='bbox 159 685 353 783; x_wconf 90' lang='lat' dir='ltr'>decuplum</span> <span class='ocrx_word' id='word_1_17' title='bbox 370 711 450 761; x_wconf 88' lang='lat' dir='ltr'>esse</span> <span class='ocrx_word' id='word_1_18' title='bbox 467 690 661 784; x_wconf 78' lang='lat' dir='ltr'>quadraria</span> <span class='ocrx_word' id='word_1_19' title='bbox 681 689 912 763; x_wconf 76' lang='lat' dir='ltr'>semiradio&#39;.</span> <span class='ocrx_word' id='word_1_20' title='bbox 1032 714 1034 718; x_wconf 64' lang='grc'><strong>“</strong></span> <span class='ocrx_word' id='word_1_21' title='bbox 1212 667 1415 783; x_wconf 49' lang='lat' dir='ltr'>offis</span> 
     </span>
    </p>
   </div>
   <div class='ocr_carea' id='block_1_4' title="bbox 208 791 1415 901">
    <p class='ocr_par' dir='ltr' id='par_1_4' title="bbox 208 791 1415 901">
     <span class='ocr_line' id='line_1_4' title="bbox 208 791 1415 901; baseline -0.008 -26"><span class='ocrx_word' id='word_1_22' title='bbox 208 801 446 875; x_wconf 88' lang='lat' dir='ltr'>Describatur</span> <span class='ocrx_word' id='word_1_23' title='bbox 466 803 543 898; x_wconf 85' lang='lat' dir='ltr'>(fig.</span> <span class='ocrx_word' id='word_1_24' title='bbox 558 803 614 897; x_wconf 91' lang='lat' dir='ltr'>iii)</span> <span class='ocrx_word' id='word_1_25' title='bbox 635 803 854 899; x_wconf 90' lang='lat' dir='ltr'>quadratum</span> <span class='ocrx_word' id='word_1_26' title='bbox 873 799 1021 890; x_wconf 84' lang='lat' dir='ltr'>ABCD,</span> <span class='ocrx_word' id='word_1_27' title='bbox 1039 811 1198 875; x_wconf 91' lang='lat' dir='ltr'>secetur·</span> <span class='ocrx_word' id='word_1_28' title='bbox 1211 791 1313 901; x_wconf 48' lang='grc' dir='ltr'>ἓξὲξ</span> <span class='ocrx_word' id='word_1_29' title='bbox 1324 791 1415 901; x_wconf 53' lang='grc' dir='ltr'><strong>Ψ</strong></span> 
     </span>
    </p>
   </div>
   <div class='ocr_carea' id='block_1_5' title="bbox 155 914 1207 4184">
    <p class='ocr_par' dir='ltr' id='par_1_5' title="bbox 155 914 1201 1922">
     <span class='ocr_line' id='line_1_5' title="bbox 157 914 1199 1011; baseline 0 -23"><span class='ocrx_word' id='word_1_30' title='bbox 157 937 228 1011; x_wconf 87' lang='lat' dir='ltr'>que</span> <span class='ocrx_word' id='word_1_31' title='bbox 245 915 505 1011; x_wconf 82' lang='lat' dir='ltr'>quadrifariam</span> <span class='ocrx_word' id='word_1_32' title='bbox 531 930 611 990; x_wconf 92' lang='lat' dir='ltr'>tum</span> <span class='ocrx_word' id='word_1_33' title='bbox 635 941 658 989; x_wconf 86' lang='lat' dir='ltr'>a</span> <span class='ocrx_word' id='word_1_34' title='bbox 675 916 786 989; x_wconf 89' lang='lat' dir='ltr'>rectis</span> <span class='ocrx_word' id='word_1_35' title='bbox 806 915 880 1004; x_wconf 87' lang='lat' dir='ltr'>EF,</span> <span class='ocrx_word' id='word_1_36' title='bbox 899 914 965 1003; x_wconf 72' lang='lat' dir='ltr'>Gla,</span> <span class='ocrx_word' id='word_1_37' title='bbox 984 926 1064 987; x_wconf 91' lang='lat' dir='ltr'>tum</span> <span class='ocrx_word' id='word_1_38' title='bbox 1081 939 1103 988; x_wconf 89' lang='lat' dir='ltr'>a</span> <span class='ocrx_word' id='word_1_39' title='bbox 1121 914 1199 988; x_wconf 87' lang='lat' dir='ltr'>dia-</span> 
     </span>
     <span class='ocr_line' id='line_1_6' title="bbox 155 1028 1199 1125; baseline 0.001 -24"><span class='ocrx_word' id='word_1_40' title='bbox 155 1028 350 1124; x_wconf 84' lang='lat' dir='ltr'>gonalibus</span> <span class='ocrx_word' id='word_1_41' title='bbox 367 1029 446 1118; x_wconf 90' lang='grc' dir='ltr'>ΑΟ,</span> <span class='ocrx_word' id='word_1_42' title='bbox 473 1029 539 1104; x_wconf 85' lang='grc' dir='ltr'>ΒΒ</span> <span class='ocrx_word' id='word_1_43' title='bbox 563 1031 866 1104; x_wconf 84' lang='lat' dir='ltr'>concurrentibus</span> <span class='ocrx_word' id='word_1_44' title='bbox 890 1030 928 1102; x_wconf 92' lang='lat' dir='ltr'>in</span> <span class='ocrx_word' id='word_1_45' title='bbox 957 1042 1085 1102; x_wconf 87' lang='lat' dir='ltr'>centro</span> <span class='ocrx_word' id='word_1_46' title='bbox 1112 1052 1199 1125; x_wconf 85' lang='lat' dir='ltr'>qua-</span> 
     </span>
     <span class='ocr_line' id='line_1_7' title="bbox 157 1139 1200 1215; baseline -0.002 -1"><span class='ocrx_word' id='word_1_47' title='bbox 157 1139 255 1214; x_wconf 87' lang='lat' dir='ltr'>drati</span> <span class='ocrx_word' id='word_1_48' title='bbox 272 1140 321 1214; x_wconf 90' lang='lat' dir='ltr'>ad</span> <span class='ocrx_word' id='word_1_49' title='bbox 346 1165 395 1213; x_wconf 85' lang='lat' dir='ltr'>m:</span> <span class='ocrx_word' id='word_1_50' title='bbox 421 1154 459 1215; x_wconf 90' lang='lat' dir='ltr'>et</span> <span class='ocrx_word' id='word_1_51' title='bbox 476 1140 706 1215; x_wconf 83' lang='lat' dir='ltr'>describatur</span> <span class='ocrx_word' id='word_1_52' title='bbox 730 1165 838 1214; x_wconf 88' lang='lat' dir='ltr'>arcus</span> <span class='ocrx_word' id='word_1_53' title='bbox 857 1141 920 1214; x_wconf 89' lang='grc' dir='ltr'>ΑΟ</span> <span class='ocrx_word' id='word_1_54' title='bbox 938 1165 1066 1215; x_wconf 84' lang='lat' dir='ltr'>secans</span> <span class='ocrx_word' id='word_1_55' title='bbox 1082 1141 1143 1213; x_wconf 84' lang='lat' dir='ltr'>EF</span> <span class='ocrx_word' id='word_1_56' title='bbox 1160 1139 1200 1213; x_wconf 95' lang='lat' dir='ltr'>in</span> 
     </span>
     <span class='ocr_line' id='line_1_8' title="bbox 157 1252 1200 1349; baseline -0.002 -23"><span class='ocrx_word' id='word_1_57' title='bbox 157 1252 202 1341; x_wconf 94' lang='lat' dir='ltr'>O,</span> <span class='ocrx_word' id='word_1_58' title='bbox 223 1263 263 1326; x_wconf 88' lang='lat' dir='ltr'>et</span> <span class='ocrx_word' id='word_1_59' title='bbox 286 1252 513 1348; x_wconf 85' lang='lat' dir='ltr'>producatur</span> <span class='ocrx_word' id='word_1_60' title='bbox 536 1253 584 1326; x_wconf 86' lang='lat' dir='ltr'>ad</span> <span class='ocrx_word' id='word_1_61' title='bbox 610 1254 706 1327; x_wconf 90' lang='lat' dir='ltr'>latus</span> <span class='ocrx_word' id='word_1_62' title='bbox 726 1253 790 1326; x_wconf 90' lang='grc' dir='ltr'>ΒΟ</span> <span class='ocrx_word' id='word_1_63' title='bbox 806 1253 844 1326; x_wconf 91' lang='lat' dir='ltr'>in</span> <span class='ocrx_word' id='word_1_64' title='bbox 862 1277 898 1326; x_wconf 86' lang='lat' dir='ltr'>a.</span> <span class='ocrx_word' id='word_1_65' title='bbox 951 1253 1018 1327; x_wconf 82' lang='lat' dir='ltr'>Est</span> <span class='ocrx_word' id='word_1_66' title='bbox 1035 1277 1124 1349; x_wconf 88' lang='lat' dir='ltr'>ergo</span> <span class='ocrx_word' id='word_1_67' title='bbox 1141 1253 1200 1325; x_wconf 85' lang='lat' dir='ltr'>Ba</span> 
     </span>
     <span class='ocr_line' id='line_1_9' title="bbox 156 1365 1199 1462; baseline -0.002 -22"><span class='ocrx_word' id='word_1_68' title='bbox 156 1377 313 1462; x_wconf 83' lang='lat' dir='ltr'>tangens</span> <span class='ocrx_word' id='word_1_69' title='bbox 331 1375 379 1441; x_wconf 86' lang='lat'>30</span> <span class='ocrx_word' id='word_1_70' title='bbox 397 1366 590 1462; x_wconf 87' lang='lat' dir='ltr'>graduum.</span> <span class='ocrx_word' id='word_1_71' title='bbox 643 1365 872 1440; x_wconf 89' lang='lat' dir='ltr'>Producatur</span> <span class='ocrx_word' id='word_1_72' title='bbox 894 1367 989 1440; x_wconf 89' lang='lat' dir='ltr'>latus</span> <span class='ocrx_word' id='word_1_73' title='bbox 1007 1366 1085 1454; x_wconf 94' lang='grc' dir='ltr'>ΒΟ,</span> <span class='ocrx_word' id='word_1_74' title='bbox 1105 1366 1199 1441; x_wconf 87' lang='lat' dir='ltr'>etin</span> 
     </span>
     <span class='ocr_line' id='line_1_10' title="bbox 156 1478 1201 1577; baseline 0 -25"><span class='ocrx_word' id='word_1_75' title='bbox 156 1478 339 1575; x_wconf 90' lang='lat' dir='ltr'>producto</span> <span class='ocrx_word' id='word_1_76' title='bbox 357 1495 524 1554; x_wconf 83' lang='lat' dir='ltr'>sumatur</span> <span class='ocrx_word' id='word_1_77' title='bbox 542 1481 593 1553; x_wconf 91' lang='lat' dir='ltr'>Cl</span> <span class='ocrx_word' id='word_1_78' title='bbox 606 1480 756 1577; x_wconf 86' lang='lat' dir='ltr'>aequalis</span> <span class='ocrx_word' id='word_1_79' title='bbox 773 1480 972 1554; x_wconf 89' lang='lat' dir='ltr'>semilateri</span> <span class='ocrx_word' id='word_1_80' title='bbox 991 1479 1065 1566; x_wconf 88' lang='lat' dir='ltr'>BE,</span> <span class='ocrx_word' id='word_1_81' title='bbox 1085 1489 1123 1552; x_wconf 88' lang='lat' dir='ltr'>et</span> <span class='ocrx_word' id='word_1_82' title='bbox 1139 1479 1201 1552; x_wconf 86' lang='lat' dir='ltr'>CL</span> 
     </span>
     <span class='ocr_line' id='line_1_11' title="bbox 156 1592 1201 1690; baseline -0.001 -25"><span class='ocrx_word' id='word_1_83' title='bbox 156 1593 309 1690; x_wconf 84' lang='lat' dir='ltr'>aeqnalis</span> <span class='ocrx_word' id='word_1_84' title='bbox 325 1594 493 1690; x_wconf 81' lang='lat' dir='ltr'>tangenti</span> <span class='ocrx_word' id='word_1_85' title='bbox 511 1594 580 1668; x_wconf 87' lang='lat' dir='ltr'>Bu.</span> <span class='ocrx_word' id='word_1_86' title='bbox 632 1593 775 1667; x_wconf 85' lang='lat' dir='ltr'>Deinde</span> <span class='ocrx_word' id='word_1_87' title='bbox 793 1593 1024 1666; x_wconf 88' lang='lat' dir='ltr'>describatur</span> <span class='ocrx_word' id='word_1_88' title='bbox 1042 1592 1201 1688; x_wconf 87' lang='lat' dir='ltr'>quadra-</span> 
     </span>
     <span class='ocr_line' id='line_1_12' title="bbox 156 1705 1201 1805; baseline -0.002 -25"><span class='ocrx_word' id='word_1_89' title='bbox 156 1716 238 1780; x_wconf 93' lang='lat' dir='ltr'>tum</span> <span class='ocrx_word' id='word_1_90' title='bbox 254 1730 277 1781; x_wconf 88' lang='lat' dir='ltr'>a</span> <span class='ocrx_word' id='word_1_91' title='bbox 293 1718 374 1781; x_wconf 88' lang='lat' dir='ltr'>tota</span> <span class='ocrx_word' id='word_1_92' title='bbox 385 1707 460 1796; x_wconf 89' lang='lat' dir='ltr'>BL,</span> <span class='ocrx_word' id='word_1_93' title='bbox 472 1707 571 1805; x_wconf 94' lang='lat' dir='ltr'>quod</span> <span class='ocrx_word' id='word_1_94' title='bbox 587 1707 636 1781; x_wconf 87' lang='lat' dir='ltr'>sit</span> <span class='ocrx_word' id='word_1_95' title='bbox 653 1707 787 1781; x_wconf 88' lang='lat' dir='ltr'><strong>BLZM</strong></span> <span class='ocrx_word' id='word_1_96' title='bbox 803 1735 812 1779; x_wconf 93' lang='lat'>:</span> <span class='ocrx_word' id='word_1_97' title='bbox 829 1705 928 1802; x_wconf 93' lang='lat' dir='ltr'>quod</span> <span class='ocrx_word' id='word_1_98' title='bbox 945 1707 1201 1781; x_wconf 90' lang='lat' dir='ltr'>demonstran-</span> 
     </span>
     <span class='ocr_line' id='line_1_13' title="bbox 157 1823 1200 1922; baseline 0.003 -25"><span class='ocrx_word' id='word_1_99' title='bbox 157 1823 247 1898; x_wconf 91' lang='lat' dir='ltr'>dum</span> <span class='ocrx_word' id='word_1_100' title='bbox 263 1839 322 1898; x_wconf 85' lang='lat' dir='ltr'>est</span> <span class='ocrx_word' id='word_1_101' title='bbox 338 1826 478 1922; x_wconf 85' lang='lat' dir='ltr'>aeqnale</span> <span class='ocrx_word' id='word_1_102' title='bbox 495 1849 574 1899; x_wconf 85' lang='lat' dir='ltr'>esse</span> <span class='ocrx_word' id='word_1_103' title='bbox 592 1826 721 1900; x_wconf 89' lang='lat' dir='ltr'>decem</span> <span class='ocrx_word' id='word_1_104' title='bbox 738 1824 925 1921; x_wconf 86' lang='lat' dir='ltr'>quadratis</span> <span class='ocrx_word' id='word_1_105' title='bbox 942 1850 965 1898; x_wconf 86' lang='lat' dir='ltr'>a</span> <span class='ocrx_word' id='word_1_106' title='bbox 981 1825 1044 1898; x_wconf 88' lang='grc' dir='ltr'>ΒΕ</span> <span class='ocrx_word' id='word_1_107' title='bbox 1061 1825 1120 1899; x_wconf 89' lang='lat' dir='ltr'>vel</span> <span class='ocrx_word' id='word_1_108' title='bbox 1139 1825 1200 1900; x_wconf 86' lang='lat' dir='ltr'>CI.-</span> 
     </span>
    </p>

    <p class='ocr_par' dir='ltr' id='par_1_6' title="bbox 157 1937 1201 2148">
     <span class='ocr_line' id='line_1_14' title="bbox 208 1937 1201 2014; baseline -0.002 -1"><span class='ocrx_word' id='word_1_109' title='bbox 208 1937 441 2013; x_wconf 86' lang='lat' dir='ltr'>Quadratum</span> <span class='ocrx_word' id='word_1_110' title='bbox 459 1963 481 2012; x_wconf 92' lang='lat' dir='ltr'>a</span> <span class='ocrx_word' id='word_1_111' title='bbox 499 1938 561 2011; x_wconf 88' lang='grc' dir='ltr'>ΒΕ</span> <span class='ocrx_word' id='word_1_112' title='bbox 579 1951 636 2012; x_wconf 88' lang='lat' dir='ltr'>est</span> <span class='ocrx_word' id='word_1_113' title='bbox 654 1939 796 2013; x_wconf 82' lang='lat' dir='ltr'>BEmG.</span> <span class='ocrx_word' id='word_1_114' title='bbox 832 1938 1064 2014; x_wconf 78' lang='lat' dir='ltr'>Quadratum</span> <span class='ocrx_word' id='word_1_115' title='bbox 1081 1962 1104 2010; x_wconf 89' lang='lat' dir='ltr'>a</span> <span class='ocrx_word' id='word_1_116' title='bbox 1121 1949 1201 2012; x_wconf 86' lang='lat' dir='ltr'>tan·</span> 
     </span>
     <span class='ocr_line' id='line_1_15' title="bbox 157 2051 1099 2148; baseline 0 -24"><span class='ocrx_word' id='word_1_117' title='bbox 157 2063 268 2147; x_wconf 88' lang='lat' dir='ltr'>gente</span> <span class='ocrx_word' id='word_1_118' title='bbox 287 2051 343 2124; x_wconf 87' lang='lat' dir='ltr'>Bo</span> <span class='ocrx_word' id='word_1_119' title='bbox 360 2065 417 2124; x_wconf 89' lang='lat' dir='ltr'>est</span> <span class='ocrx_word' id='word_1_120' title='bbox 435 2051 592 2140; x_wconf 82' lang='lat' dir='ltr'>BadSG,</span> <span class='ocrx_word' id='word_1_121' title='bbox 607 2053 667 2126; x_wconf 89' lang='lat' dir='ltr'>cui</span> <span class='ocrx_word' id='word_1_122' title='bbox 685 2053 750 2125; x_wconf 90' lang='lat' dir='ltr'>fiat</span> <span class='ocrx_word' id='word_1_123' title='bbox 768 2051 910 2148; x_wconf 87' lang='lat' dir='ltr'>aequalc</span> <span class='ocrx_word' id='word_1_124' title='bbox 928 2052 1099 2125; x_wconf 76' lang='lat' dir='ltr'>CLYle.</span> 
     </span>
    </p>

    <p class='ocr_par' dir='ltr' id='par_1_7' title="bbox 155 2163 1202 2592">
     <span class='ocr_line' id='line_1_16' title="bbox 208 2163 1201 2262; baseline 0 -23"><span class='ocrx_word' id='word_1_125' title='bbox 208 2163 449 2239; x_wconf 88' lang='lat' dir='ltr'>Describatur</span> <span class='ocrx_word' id='word_1_126' title='bbox 482 2165 595 2238; x_wconf 87' lang='lat' dir='ltr'>etiam</span> <span class='ocrx_word' id='word_1_127' title='bbox 630 2165 897 2260; x_wconf 86' lang='lat' dir='ltr'>quadratuma</span> <span class='ocrx_word' id='word_1_128' title='bbox 925 2164 987 2254; x_wconf 92' lang='grc' dir='ltr'>ΒΙ,</span> <span class='ocrx_word' id='word_1_129' title='bbox 1019 2165 1118 2262; x_wconf 91' lang='lat' dir='ltr'>quod</span> <span class='ocrx_word' id='word_1_130' title='bbox 1152 2166 1201 2240; x_wconf 84' lang='lat' dir='ltr'>sit</span> 
     </span>
     <span class='ocr_line' id='line_1_17' title="bbox 159 2276 1200 2376; baseline 0.004 -26"><span class='ocrx_word' id='word_1_131' title='bbox 159 2277 285 2376; x_wconf 84' lang='lat' dir='ltr'>Blcg:</span> <span class='ocrx_word' id='word_1_132' title='bbox 304 2290 342 2351; x_wconf 89' lang='lat' dir='ltr'>et</span> <span class='ocrx_word' id='word_1_133' title='bbox 354 2276 579 2375; x_wconf 92' lang='lat' dir='ltr'>producatur</span> <span class='ocrx_word' id='word_1_134' title='bbox 592 2278 669 2366; x_wconf 84' lang='grc' dir='ltr'>ΟΒ,</span> <span class='ocrx_word' id='word_1_135' title='bbox 683 2279 744 2351; x_wconf 85' lang='lat' dir='ltr'>EF</span> <span class='ocrx_word' id='word_1_136' title='bbox 757 2278 805 2350; x_wconf 88' lang='lat' dir='ltr'>ad</span> <span class='ocrx_word' id='word_1_137' title='bbox 821 2277 918 2352; x_wconf 89' lang='lat' dir='ltr'>latus</span> <span class='ocrx_word' id='word_1_138' title='bbox 935 2279 1019 2366; x_wconf 90' lang='grc' dir='ltr'>ΜΖ,</span> <span class='ocrx_word' id='word_1_139' title='bbox 1033 2293 1200 2355; x_wconf 87' lang='lat' dir='ltr'>secantes</span> 
     </span>
     <span class='ocr_line' id='line_1_18' title="bbox 155 2389 1202 2489; baseline 0.004 -26"><span class='ocrx_word' id='word_1_140' title='bbox 155 2415 209 2489; x_wconf 82' lang='lat' dir='ltr'>gc</span> <span class='ocrx_word' id='word_1_141' title='bbox 225 2391 264 2464; x_wconf 91' lang='lat' dir='ltr'>in</span> <span class='ocrx_word' id='word_1_142' title='bbox 282 2391 317 2464; x_wconf 88' lang='lat' dir='ltr'><strong>K</strong></span> <span class='ocrx_word' id='word_1_143' title='bbox 335 2406 374 2465; x_wconf 90' lang='lat' dir='ltr'>et</span> <span class='ocrx_word' id='word_1_144' title='bbox 390 2390 425 2464; x_wconf 74' lang='lat' dir='ltr'>k.</span> <span class='ocrx_word' id='word_1_145' title='bbox 478 2391 708 2465; x_wconf 88' lang='lat' dir='ltr'>Producutur</span> <span class='ocrx_word' id='word_1_146' title='bbox 724 2390 812 2464; x_wconf 87' lang='lat' dir='ltr'>item</span> <span class='ocrx_word' id='word_1_147' title='bbox 830 2389 878 2464; x_wconf 79' lang='lat' dir='ltr'>ab</span> <span class='ocrx_word' id='word_1_148' title='bbox 895 2390 1056 2466; x_wconf 90' lang='lat' dir='ltr'>adlatus</span> <span class='ocrx_word' id='word_1_149' title='bbox 1074 2393 1145 2466; x_wconf 91' lang='lat' dir='ltr'>MZ</span> <span class='ocrx_word' id='word_1_150' title='bbox 1162 2395 1202 2468; x_wconf 91' lang='lat' dir='ltr'>in</span> 
     </span>
     <span class='ocr_line' id='line_1_19' title="bbox 159 2500 618 2592; baseline 0 -16"><span class='ocrx_word' id='word_1_151' title='bbox 159 2503 347 2592; x_wconf 86' lang='lat' dir='ltr'>X,etSH</span> <span class='ocrx_word' id='word_1_152' title='bbox 367 2502 547 2577; x_wconf 88' lang='lat' dir='ltr'>adLZin</span> <span class='ocrx_word' id='word_1_153' title='bbox 567 2500 618 2576; x_wconf 90' lang='lat' dir='ltr'>Y.</span> 
     </span>
    </p>

    <p class='ocr_par' dir='ltr' id='par_1_8' title="bbox 160 2614 1202 3052">
     <span class='ocr_line' id='line_1_20' title="bbox 212 2614 1201 2713; baseline 0.007 -26"><span class='ocrx_word' id='word_1_154' title='bbox 212 2614 446 2713; x_wconf 84' lang='lat' dir='ltr'>intelligatur</span> <span class='ocrx_word' id='word_1_155' title='bbox 458 2618 537 2712; x_wconf 87' lang='lat' dir='ltr'>jam</span> <span class='ocrx_word' id='word_1_156' title='bbox 562 2627 722 2712; x_wconf 90' lang='lat' dir='ltr'>quatuor</span> <span class='ocrx_word' id='word_1_157' title='bbox 744 2617 860 2689; x_wconf 86' lang='lat' dir='ltr'>latera</span> <span class='ocrx_word' id='word_1_158' title='bbox 882 2618 1051 2712; x_wconf 90' lang='lat' dir='ltr'>quadrati</span> <span class='ocrx_word' id='word_1_159' title='bbox 1069 2618 1201 2694; x_wconf 85' lang='lat' dir='ltr'><strong>ABCD</strong></span> 
     </span>
     <span class='ocr_line' id='line_1_21' title="bbox 160 2728 1201 2828; baseline 0.004 -26"><span class='ocrx_word' id='word_1_160' title='bbox 160 2728 278 2803; x_wconf 86' lang='lat' dir='ltr'>divisa</span> <span class='ocrx_word' id='word_1_161' title='bbox 303 2753 381 2803; x_wconf 89' lang='lat' dir='ltr'>esse</span> <span class='ocrx_word' id='word_1_162' title='bbox 407 2729 551 2826; x_wconf 87' lang='lat' dir='ltr'>singula</span> <span class='ocrx_word' id='word_1_163' title='bbox 576 2730 615 2801; x_wconf 91' lang='lat' dir='ltr'>in</span> <span class='ocrx_word' id='word_1_164' title='bbox 645 2728 849 2803; x_wconf 89' lang='lat' dir='ltr'>duodecem</span> <span class='ocrx_word' id='word_1_165' title='bbox 878 2741 1002 2826; x_wconf 88' lang='lat' dir='ltr'>partes</span> <span class='ocrx_word' id='word_1_166' title='bbox 1032 2733 1201 2828; x_wconf 82' lang='lat' dir='ltr'>aequales.</span> 
     </span>
     <span class='ocr_line' id='line_1_22' title="bbox 160 2842 1202 2942; baseline 0.004 -27"><span class='ocrx_word' id='word_1_167' title='bbox 160 2843 220 2916; x_wconf 85' lang='lat' dir='ltr'>lta</span> <span class='ocrx_word' id='word_1_168' title='bbox 236 2843 333 2916; x_wconf 93' lang='lat' dir='ltr'>enim</span> <span class='ocrx_word' id='word_1_169' title='bbox 358 2842 425 2915; x_wconf 87' lang='lat' dir='ltr'>fiet</span> <span class='ocrx_word' id='word_1_170' title='bbox 444 2855 489 2914; x_wconf 89' lang='lat' dir='ltr'>ut</span> <span class='ocrx_word' id='word_1_171' title='bbox 510 2842 731 2937; x_wconf 86' lang='lat' dir='ltr'>quadratum</span> <span class='ocrx_word' id='word_1_172' title='bbox 748 2842 880 2916; x_wconf 88' lang='lat' dir='ltr'><strong>ABCD</strong></span> <span class='ocrx_word' id='word_1_173' title='bbox 907 2844 1095 2918; x_wconf 87' lang='lat' dir='ltr'>contineat</span> <span class='ocrx_word' id='word_1_174' title='bbox 1113 2869 1202 2942; x_wconf 87' lang='lat' dir='ltr'>qua·</span> 
     </span>
     <span class='ocr_line' id='line_1_23' title="bbox 160 2953 579 3052; baseline -0.005 -24"><span class='ocrx_word' id='word_1_175' title='bbox 160 2953 307 3028; x_wconf 83' lang='lat' dir='ltr'>dratulu</span> <span class='ocrx_word' id='word_1_176' title='bbox 323 2954 478 3052; x_wconf 85' lang='lat' dir='ltr'>aequalia</span> <span class='ocrx_word' id='word_1_177' title='bbox 498 2963 579 3027; x_wconf 98' lang='grc'><strong>144.</strong></span> 
     </span>
    </p>

    <p class='ocr_par' dir='ltr' id='par_1_9' title="bbox 159 3067 1207 3953">
     <span class='ocr_line' id='line_1_24' title="bbox 210 3067 1203 3154; baseline -0.002 -12"><span class='ocrx_word' id='word_1_178' title='bbox 210 3067 398 3142; x_wconf 78' lang='lat' dir='ltr'>Quoniam</span> <span class='ocrx_word' id='word_1_179' title='bbox 415 3068 513 3141; x_wconf 89' lang='lat' dir='ltr'>latus</span> <span class='ocrx_word' id='word_1_180' title='bbox 531 3067 594 3140; x_wconf 89' lang='grc' dir='ltr'>ΒΟ</span> <span class='ocrx_word' id='word_1_181' title='bbox 610 3075 666 3140; x_wconf 88' lang='lat' dir='ltr'>est</span> <span class='ocrx_word' id='word_1_182' title='bbox 688 3073 744 3154; x_wconf 81' lang='lat'>12,</span> <span class='ocrx_word' id='word_1_183' title='bbox 757 3067 853 3141; x_wconf 90' lang='lat' dir='ltr'>latus</span> <span class='ocrx_word' id='word_1_184' title='bbox 871 3068 921 3141; x_wconf 93' lang='lat' dir='ltr'>Bl</span> <span class='ocrx_word' id='word_1_185' title='bbox 939 3082 995 3140; x_wconf 88' lang='lat' dir='ltr'>est</span> <span class='ocrx_word' id='word_1_186' title='bbox 1018 3076 1073 3141; x_wconf 87' lang='grc'>18.</span> <span class='ocrx_word' id='word_1_187' title='bbox 1101 3067 1203 3140; x_wconf 89' lang='lat' dir='ltr'>Illius</span> 
     </span>
     <span class='ocr_line' id='line_1_25' title="bbox 159 3181 1204 3277; baseline -0.001 -23"><span class='ocrx_word' id='word_1_188' title='bbox 159 3181 381 3276; x_wconf 86' lang='lat' dir='ltr'>quadratum</span> <span class='ocrx_word' id='word_1_189' title='bbox 399 3191 455 3254; x_wconf 87' lang='lat' dir='ltr'>est</span> <span class='ocrx_word' id='word_1_190' title='bbox 479 3189 560 3269; x_wconf 92' lang='grc'><strong>144,</strong></span> <span class='ocrx_word' id='word_1_191' title='bbox 577 3181 688 3277; x_wconf 90' lang='lat' dir='ltr'>hujus</span> <span class='ocrx_word' id='word_1_192' title='bbox 705 3190 790 3255; x_wconf 80' lang='lat'><strong>324.</strong></span> <span class='ocrx_word' id='word_1_193' title='bbox 831 3182 1063 3256; x_wconf 77' lang='lat' dir='ltr'>Quadratum</span> <span class='ocrx_word' id='word_1_194' title='bbox 1080 3191 1204 3254; x_wconf 90' lang='lat' dir='ltr'>autem</span> 
     </span>
     <span class='ocr_line' id='line_1_26' title="bbox 160 3292 1204 3390; baseline 0 -24"><span class='ocrx_word' id='word_1_195' title='bbox 160 3317 185 3367; x_wconf 86' lang='lat' dir='ltr'>a</span> <span class='ocrx_word' id='word_1_196' title='bbox 206 3300 249 3366; x_wconf 91' lang='grc'>19</span> <span class='ocrx_word' id='word_1_197' title='bbox 268 3301 435 3366; x_wconf 73' lang='lat' dir='ltr'>estaol:</span> <span class='ocrx_word' id='word_1_198' title='bbox 461 3292 682 3389; x_wconf 87' lang='lat' dir='ltr'>quadratum</span> <span class='ocrx_word' id='word_1_199' title='bbox 708 3317 731 3366; x_wconf 94' lang='lat' dir='ltr'>a</span> <span class='ocrx_word' id='word_1_200' title='bbox 754 3302 802 3368; x_wconf 82' lang='lat'>20</span> <span class='ocrx_word' id='word_1_201' title='bbox 827 3308 884 3367; x_wconf 91' lang='lat' dir='ltr'>est</span> <span class='ocrx_word' id='word_1_202' title='bbox 909 3302 999 3369; x_wconf 86' lang='grc' dir='ltr'>40οε</span> <span class='ocrx_word' id='word_1_203' title='bbox 1027 3306 1138 3390; x_wconf 90' lang='lat' dir='ltr'>atque</span> <span class='ocrx_word' id='word_1_204' title='bbox 1163 3293 1204 3366; x_wconf 92' lang='lat' dir='ltr'>hi</span> 
     </span>
     <span class='ocr_line' id='line_1_27' title="bbox 159 3405 1203 3503; baseline -0.001 -22"><span class='ocrx_word' id='word_1_205' title='bbox 159 3405 307 3481; x_wconf 89' lang='lat' dir='ltr'>numeri</span> <span class='ocrx_word' id='word_1_206' title='bbox 330 3405 502 3503; x_wconf 87' lang='lat' dir='ltr'>quadrati</span> <span class='ocrx_word' id='word_1_207' title='bbox 528 3416 614 3478; x_wconf 88' lang='lat' dir='ltr'>sunt</span> <span class='ocrx_word' id='word_1_208' title='bbox 644 3405 818 3502; x_wconf 87' lang='lat' dir='ltr'>deinceps</span> <span class='ocrx_word' id='word_1_209' title='bbox 845 3408 1013 3502; x_wconf 84' lang='lat' dir='ltr'>proximi.</span> <span class='ocrx_word' id='word_1_210' title='bbox 1066 3408 1203 3495; x_wconf 88' lang='lat' dir='ltr'>Quare,</span> 
     </span>
     <span class='ocr_line' id='line_1_28' title="bbox 160 3518 1204 3616; baseline -0.001 -23"><span class='ocrx_word' id='word_1_211' title='bbox 160 3541 228 3616; x_wconf 87' lang='lat' dir='ltr'>per</span> <span class='ocrx_word' id='word_1_212' title='bbox 253 3543 333 3616; x_wconf 90' lang='lat' dir='ltr'>cap.</span> <span class='ocrx_word' id='word_1_213' title='bbox 347 3519 396 3608; x_wconf 84' lang='lat' dir='ltr'>iv,</span> <span class='ocrx_word' id='word_1_214' title='bbox 410 3542 510 3592; x_wconf 94' lang='lat' dir='ltr'>num.</span> <span class='ocrx_word' id='word_1_215' title='bbox 526 3527 562 3606; x_wconf 88' lang='grc'>3,</span> <span class='ocrx_word' id='word_1_216' title='bbox 581 3518 729 3614; x_wconf 87' lang='lat' dir='ltr'>dempta</span> <span class='ocrx_word' id='word_1_217' title='bbox 754 3521 896 3594; x_wconf 86' lang='lat' dir='ltr'>unitate</span> <span class='ocrx_word' id='word_1_218' title='bbox 924 3545 947 3593; x_wconf 91' lang='lat' dir='ltr'>a</span> <span class='ocrx_word' id='word_1_219' title='bbox 976 3520 1097 3593; x_wconf 92' lang='lat' dir='ltr'>medio</span> <span class='ocrx_word' id='word_1_220' title='bbox 1116 3544 1204 3616; x_wconf 92' lang='lat' dir='ltr'>qua-</span> 
     </span>
     <span class='ocr_line' id='line_1_29' title="bbox 161 3631 1206 3731; baseline 0 -25"><span class='ocrx_word' id='word_1_221' title='bbox 161 3632 270 3706; x_wconf 89' lang='lat' dir='ltr'>drato</span> <span class='ocrx_word' id='word_1_222' title='bbox 288 3640 374 3721; x_wconf 94' lang='grc'><strong>361,</strong></span> <span class='ocrx_word' id='word_1_223' title='bbox 393 3631 555 3727; x_wconf 89' lang='lat' dir='ltr'>reliquus</span> <span class='ocrx_word' id='word_1_224' title='bbox 576 3640 649 3705; x_wconf 88' lang='grc'>360</span> <span class='ocrx_word' id='word_1_225' title='bbox 673 3644 730 3705; x_wconf 90' lang='lat' dir='ltr'>est</span> <span class='ocrx_word' id='word_1_226' title='bbox 753 3633 894 3707; x_wconf 88' lang='lat' dir='ltr'>medius</span> <span class='ocrx_word' id='word_1_227' title='bbox 920 3634 1206 3731; x_wconf 88' lang='lat' dir='ltr'>proportionalis</span> 
     </span>
     <span class='ocr_line' id='line_1_30' title="bbox 159 3745 1207 3844; baseline 0.002 -26"><span class='ocrx_word' id='word_1_228' title='bbox 159 3746 260 3818; x_wconf 87' lang='lat' dir='ltr'>inter</span> <span class='ocrx_word' id='word_1_229' title='bbox 277 3753 351 3820; x_wconf 88' lang='grc'>400</span> <span class='ocrx_word' id='word_1_230' title='bbox 370 3757 409 3818; x_wconf 89' lang='lat' dir='ltr'>et</span> <span class='ocrx_word' id='word_1_231' title='bbox 436 3753 532 3819; x_wconf 81' lang='lat'>³24:</span> <span class='ocrx_word' id='word_1_232' title='bbox 559 3745 597 3818; x_wconf 94' lang='lat' dir='ltr'>id</span> <span class='ocrx_word' id='word_1_233' title='bbox 622 3757 689 3835; x_wconf 89' lang='lat' dir='ltr'>est,</span> <span class='ocrx_word' id='word_1_234' title='bbox 708 3746 813 3820; x_wconf 87' lang='lat' dir='ltr'>radix</span> <span class='ocrx_word' id='word_1_235' title='bbox 839 3749 981 3821; x_wconf 91' lang='lat' dir='ltr'>numeri</span> <span class='ocrx_word' id='word_1_236' title='bbox 999 3747 1207 3844; x_wconf 83' lang='lat' dir='ltr'>quadratio</span> 
     </span>
     <span class='ocr_line' id='line_1_31' title="bbox 160 3856 656 3953; baseline 0 -22"><span class='ocrx_word' id='word_1_237' title='bbox 160 3866 237 3932; x_wconf 85' lang='grc'>400</span> <span class='ocrx_word' id='word_1_238' title='bbox 254 3856 500 3953; x_wconf 84' lang='lat' dir='ltr'>multiplicato</span> <span class='ocrx_word' id='word_1_239' title='bbox 518 3857 656 3931; x_wconf 75' lang='grc'><strong>111324.</strong></span> 
     </span>
    </p>

    <p class='ocr_par' dir='ltr' id='par_1_10' title="bbox 160 3970 1207 4184">
     <span class='ocr_line' id='line_1_32' title="bbox 212 3970 1207 4069; baseline 0.001 -25"><span class='ocrx_word' id='word_1_240' title='bbox 212 3971 366 4060; x_wconf 84' lang='lat' dir='ltr'>Rursus,</span> <span class='ocrx_word' id='word_1_241' title='bbox 384 3971 472 4066; x_wconf 85' lang='lat' dir='ltr'>qnia</span> <span class='ocrx_word' id='word_1_242' title='bbox 492 3970 555 4043; x_wconf 89' lang='grc' dir='ltr'>ΒΟ</span> <span class='ocrx_word' id='word_1_243' title='bbox 572 3981 629 4045; x_wconf 92' lang='lat' dir='ltr'>est</span> <span class='ocrx_word' id='word_1_244' title='bbox 651 3980 707 4059; x_wconf 81' lang='lat'>12,</span> <span class='ocrx_word' id='word_1_245' title='bbox 726 3971 913 4046; x_wconf 89' lang='lat' dir='ltr'>semilatus</span> <span class='ocrx_word' id='word_1_246' title='bbox 938 3973 999 4046; x_wconf 86' lang='grc' dir='ltr'>ΒΕ</span> <span class='ocrx_word' id='word_1_247' title='bbox 1018 3985 1072 4046; x_wconf 88' lang='lat' dir='ltr'>est</span> <span class='ocrx_word' id='word_1_248' title='bbox 1090 3982 1125 4060; x_wconf 88' lang='lat'>6,</span> <span class='ocrx_word' id='word_1_249' title='bbox 1144 3973 1207 4069; x_wconf 95' lang='lat' dir='ltr'>qui</span> 
     </span>
     <span class='ocr_line' id='line_1_33' title="bbox 160 4083 1205 4184; baseline 0 -26"><span class='ocrx_word' id='word_1_250' title='bbox 160 4083 363 4184; x_wconf 84' lang='lat' dir='ltr'>quadratus</span> <span class='ocrx_word' id='word_1_251' title='bbox 381 4095 436 4158; x_wconf 87' lang='lat' dir='ltr'>est</span> <span class='ocrx_word' id='word_1_252' title='bbox 463 4092 524 4158; x_wconf 89' lang='grc'>36.</span> <span class='ocrx_word' id='word_1_253' title='bbox 577 4085 790 4159; x_wconf 89' lang='lat' dir='ltr'>Quadratus</span> <span class='ocrx_word' id='word_1_254' title='bbox 817 4098 940 4159; x_wconf 90' lang='lat' dir='ltr'>autem</span> <span class='ocrx_word' id='word_1_255' title='bbox 966 4110 989 4158; x_wconf 91' lang='lat' dir='ltr'>a</span> <span class='ocrx_word' id='word_1_256' title='bbox 1015 4092 1036 4167; x_wconf 92' lang='lat'><em>7</em></span> <span class='ocrx_word' id='word_1_257' title='bbox 1064 4098 1121 4159; x_wconf 89' lang='lat' dir='ltr'>est</span> <span class='ocrx_word' id='word_1_258' title='bbox 1138 4094 1205 4158; x_wconf 86' lang='lat'>49:</span> 
     </span>
    </p>
   </div>
   <div class='ocr_carea' id='block_1_6' title="bbox 542 4334 1108 4505">
    <p class='ocr_par' dir='ltr' id='par_1_11' title="bbox 542 4334 1108 4505">
     <span class='ocr_line' id='line_1_34' title="bbox 542 4334 819 4396; baseline -0.007 -1"><span class='ocrx_word' id='word_1_259' title='bbox 542 4336 560 4370; x_wconf 71' lang='lat'>⁵</span> <span class='ocrx_word' id='word_1_260' title='bbox 584 4334 633 4395; x_wconf 89' lang='lat' dir='ltr'>Sic</span> <span class='ocrx_word' id='word_1_261' title='bbox 646 4336 715 4395; x_wconf 86' lang='lat' dir='ltr'>edit.</span> <span class='ocrx_word' id='word_1_262' title='bbox 735 4336 819 4396; x_wconf 84' lang='grc'><strong>1674.</strong></span> 
     </span>
     <span class='ocr_line' id='line_1_35' title="bbox 1046 4453 1108 4505; baseline 0 -11"><span class='ocrx_word' id='word_1_263' title='bbox 1046 4456 1071 4505; x_wconf 79' lang='lat' dir='ltr'>N</span> <span class='ocrx_word' id='word_1_264' title='bbox 1095 4453 1108 4494; x_wconf 65' lang='grc' dir='ltr'><strong>θ</strong></span> 
     </span>
    </p>
   </div>
   <div class='ocr_carea' id='block_1_7' title="bbox 0 0 1474 5054">
    <p class='ocr_par' dir='ltr' id='par_1_12' title="bbox 0 0 1474 5054">
     <span class='ocr_line' id='line_1_36' title="bbox 0 0 1474 5054; baseline 0 0"><span class='ocrx_word' id='word_1_265' title='bbox 0 0 1474 5054; x_wconf 95' lang='lat' dir='ltr'> </span> 
     </span>
    </p>
   </div>
  </div>
 </body>
</html>
