2932 5054
476 443 669 499 cansunn
690 441 855 495 nnuma
1105 422 1154 490 69

108 619 181 694 AC
196 616 245 692 ad
261 615 343 705 AD,
361 615 520 713 aquales
542 637 621 688 esse
641 612 776 688 rationi
793 610 860 684 AB
877 609 1006 707 primae
1022 606 1071 682 ad
1087 606 1157 680 AD
1194 628 1279 671 raon.
1295 627 1337 668 vr.

110 718 277 795 tertiam.
327 723 436 804 ’..-“
435 781 531 793 ...
533 780 646 803 „q

163 830 308 906 Deinde
325 853 371 903 ex
388 852 432 902 eo
451 825 711 916 demonstravi,
728 835 798 900 art.
821 832 878 914 15,
897 822 1042 920 quod
1013 846 1045 897 sn
1061 822 1158 897 ratio

111 954 361 1042 componatur
389 966 474 1016 cum
504 965 571 1015 sua
596 940 710 1037 ipsius
736 939 892 1026 inversa,
916 936 1160 1033 compositam

109 1082 194 1135 esse
210 1057 393 1131 rationem
411 1054 644 1151 aequalitatis.
696 1054 819 1129 Quam
845 1052 906 1126 ille
929 1074 1068 1125 conans
1094 1050 1159 1125 de-

112 1181 323 1249 monstrare
354 1167 547 1257 Ghebrice,
581 1190 657 1241 non
683 1167 823 1264 potuit:
858 1165 946 1262 quia
970 1188 1015 1239 ea
1041 1164 1088 1239 de
1117 1187 1159 1238 re

112 1309 236 1383 neque
266 1284 423 1371 Gheber,
452 1306 572 1380 neque
600 1281 844 1377 Diophantus,
871 1302 940 1353 nec
966 1277 1160 1374 quisquam

113 1410 202 1474 ante
237 1420 310 1485 me,
340 1419 550 1493 quanquam
580 1393 777 1469 difficultas
804 1415 880 1465 non
907 1414 1043 1487 magna
1068 1400 1160 1478 erat,

112 1511 313 1610 quicquam
331 1509 489 1605 scripsit.
541 1509 581 1584 Si
608 1508 661 1582 ita
686 1506 839 1594 nonsit,
857 1504 1085 1579 contrarium
1102 1527 1161 1577 os-

112 1623 246 1700 tendat
263 1621 431 1711 Wallius,
448 1631 487 1696 et
513 1622 560 1695 ab
587 1621 663 1710 illo,
691 1644 768 1694 non
793 1643 817 1693 a
841 1641 901 1693 me
928 1618 1161 1713 desumptum

114 1737 334 1826 confitebor,
351 1759 421 1811 nec
437 1734 678 1811 intellectum.

466 1955 716 2009 Pnoroslrro
736 1955 812 2008 vn.

166 2074 342 2171 Effectus
370 2082 466 2162 aunt,
493 2074 616 2146 caucis
643 2073 723 2146 auia
751 2072 969 2171 adaquatis,
999 2094 1162 2172 perpor-

114 2185 291 2264 lineales.

169 2300 357 2375 Conversa
377 2298 456 2375 fere
476 2309 531 2374 est
549 2298 786 2389 definitionis,
805 2323 878 2396 qua
894 2298 1048 2374 definita
1064 2309 1121 2375 est
1140 2324 1163 2375 a

116 2439 180 2490 me
209 2413 340 2487 eadem
368 2413 466 2486 ratio
486 2412 727 2512 geonretrica,
750 2413 846 2488 libro
872 2435 927 2486 nu
959 2434 1163 2504 conpone,

118 2552 202 2625 cap.
218 2525 296 2615 xiii,
313 2537 382 2598 art.
400 2533 447 2599 6:
483 2549 593 2622 quam
619 2526 658 2598 in
686 2524 853 2600 Elencbo
880 2550 947 2600 suo
972 2528 1164 2624 impugna-

118 2650 238 2717 verat
290 2638 409 2711 Debet
427 2661 516 2734 ergo
533 2636 623 2711 mibi
640 2638 748 2711 hanc.

170 2752 447 2827 Demonstratio
473 2752 571 2824 illius
601 2750 715 2825 etiam
745 2752 963 2849 imperfecta
989 2764 1057 2844 est,
1080 2778 1165 2828 cum

119 2865 262 2941 nonsit
278 2877 430 2940 extensa
446 2864 494 2938 ad
512 2865 907 2940 incommensurabilis.
952 2867 1049 2941 Nam
1068 2867 1167 2963 quod

120 2979 277 3054 inferius
295 2978 396 3067 dicit,
414 2977 550 3074 “quod
567 2977 613 3051 de
634 2979 1024 3054 commensurabilibus
1043 2992 1166 3053 osten-

121 3092 238 3182 ditur,
255 3115 340 3166 cum
365 3091 466 3164 nulla
494 3113 606 3165 causa
633 3091 778 3189 concipi
803 3095 919 3189 possit
941 3116 1008 3167 cur
1025 3116 1103 3166 non
1121 3092 1167 3165 de

121 3204 554 3305 incommensurabilibns
571 3203 739 3278 similiter
751 3229 880 3279 verum
892 3207 964 3279 sit:
991 3218 1029 3281 ct
1046 3217 1168 3304 potest

122 3317 294 3407 etiamsi
311 3341 404 3414 opus
418 3316 478 3405 sit,
494 3316 737 3391 demonstrari
751 3319 1063 3394 demonstratione
1077 3344 1170 3418 apo-

120 3429 304 3531 gogica,”
322 3431 505 3504 incertum
524 3442 590 3505 est.
644 3431 718 3505 Ubi
746 3432 837 3506 dicit
861 3433 1001 3507 nnllam
1019 3458 1169 3507 causam

113 3543 273 3642 ·concipi
298 3567 427 3642 posse,
462 3557 546 3634 etc,
581 3546 736 3617 nimium
770 3546 838 3620 sibi
873 3547 1013 3621 tribuit.
1075 3547 1169 3620 Puto

124 3656 244 3731 multa
259 3656 365 3731 valde
383 3680 406 3730 a
422 3657 548 3731 multis
566 3658 711 3753 concipi
737 3683 857 3755 posse,
877 3684 956 3755 quae
975 3660 1170 3757 concipere

125 3768 189 3843 ille
216 3791 292 3842 non
316 3768 451 3865 potuit.
504 3769 578 3842 Sed
603 3793 671 3843 cnr
696 3769 798 3860 dicit,
816 3795 908 3867 opus
933 3796 1008 3844 non
1032 3783 1172 3846 esseut

126 3882 400 3956 demonstretur
424 3882 537 3955 etiam
563 3882 609 3955 de
628 3882 1068 3974 incommensurabilibua‚
1087 3910 1171 3959 cnm

126 3995 330 4093 propositio
359 3994 575 4069 universalis
604 3995 679 4069 sit?
730 3996 926 4086 Nimirum,
946 3997 1031 4094 quia
1052 3999 1084 4072 si
1101 3999 1173 4073 hoc

125 4108 286 4198 fecisset,
309 4108 558 4180 necessarium
575 4108 609 4180 ei
624 4108 755 4182 fnisset
772 4110 835 4183 illa
852 4111 1065 4185 definitione
1092 4135 1175 4185 mea

126 4223 196 4312 nti,
216 4245 326 4319 quam
345 4221 384 4294 in
403 4219 568 4294 Elencbo
585 4246 651 4296 suo
669 4237 756 4296 ante
774 4223 1024 4297 damnaverat.

179 4336 377 4424 Praeterea,
396 4335 508 4407 verba
524 4334 587 4408 illa
600 4363 613 4407 .·
639 4336 674 4406 si
688 4360 816 4426 carcaa,
834 4347 875 4410 ut
893 4337 937 4427 C,
949 4337 1061 4433 efficit
1078 4348 1118 4413 at
1131 4339 1174 4429 Ε,
