2932 5054
451 439 643 495 censura
662 439 828 494 aarum.
959 510 962 516 ⁵

433 690 681 744 PROPOSITIO
706 691 845 745 xxvll.

165 816 213 891 In
238 818 469 915 comparatis
492 819 660 910 moritus,
678 820 810 894 virium
833 818 1369 918 gradur,coeterieraoaxxv11.

105 928 282 1028 paritate,
299 940 386 1003 aurit
402 932 441 1004 ir
457 932 603 1007 ratione
619 958 696 1030 que
717 958 765 1007 erc
782 933 992 1036 ponderum
1009 943 1048 1005 et
1065 931 1160 1006 cele·
1199 912 1342 950 ψ

112 1045 270 1117 ritatem
286 1042 495 1117 rationibus
512 1046 752 1144 componitur.

164 1155 337 1230 Ridicula
353 1167 421 1231 est.
473 1157 558 1230 Sint
584 1159 683 1232 enim
707 1159 779 1232 duo
804 1159 1023 1233 hominesA
1049 1169 1086 1232 et
1104 1159 1157 1233 Bt

111 1271 321 1365 habeatque
343 1270 377 1342 A
401 1271 475 1344 vim
500 1283 544 1345 nt
568 1280 604 1361 2,
629 1272 661 1346 B
686 1273 761 1346 vim
791 1285 834 1346 ut
855 1282 896 1346 1:
923 1284 961 1347 et
990 1273 1160 1348 celeritas

112 1384 273 1458 hominis
299 1385 335 1458 A
359 1384 408 1459 ad
435 1385 661 1461 celeritatem
688 1387 847 1460 hominis
874 1387 917 1475 B,
940 1399 983 1461 ut
1010 1390 1032 1461 2
1056 1387 1157 1461 adl.

112 1498 215 1593 Ergo
233 1497 329 1570 ratio
346 1499 480 1571 virium
496 1499 532 1572 A
549 1499 596 1574 ad
612 1500 709 1574 vires
727 1500 771 1586 B,
789 1500 993 1596 composita
1015 1500 1087 1574 erit
1112 1524 1158 1575 ex

112 1609 259 1683 ratione
275 1609 449 1705 ponderis
466 1611 575 1684 unius
588 1610 749 1684 hominis
767 1612 815 1684 ad
838 1611 982 1708 pondua
1005 1612 1157 1686 alteriue

112 1721 295 1811 homines,
313 1734 352 1796 et
368 1723 510 1797 ratione
527 1723 724 1798 celeritatis
742 1724 790 1799 ad
804 1725 1044 1800 celeritatem.
1096 1726 1160 1799 Ri-

112 1833 289 1907 diculum.

164 1946 405 2020 Manifestum
422 1948 521 2022 enim
538 1949 651 2023 estin
668 1949 837 2025 doctrina
854 1949 900 2024 de
923 1949 1159 2048 ponderibuS,

110 2059 259 2158 pondus
277 2073 315 2135 et
328 2061 423 2135 vires
440 2062 596 2137 eandem
613 2087 692 2138 esse
716 2089 815 2148 rem;
842 2076 880 2137 et
902 2074 1097 2160 propterea
1119 2064 1159 2137 in

111 2175 335 2270 comparatis
352 2175 524 2266 motibus,
543 2177 607 2272 qui
623 2178 718 2249 fiunt
735 2202 758 2251 a
773 2176 937 2274 pondera
963 2190 1000 2251 et
1024 2178 1158 2251 ririnm

110 2286 247 2384 gradu,
257 2287 353 2361 vires
376 2311 456 2362 esse
472 2301 516 2363 ut
541 2290 621 2386 ipsa
637 2291 825 2386 pondera;
852 2314 933 2380 nec,
950 2301 993 2363 nt
1015 2291 1076 2365 ille
1102 2291 1159 2364 di-

112 2401 179 2489 cit,
197 2401 237 2473 in
252 2401 394 2475 ratione
412 2403 615 2498 composita
632 2426 678 2476 ex
695 2403 857 2501 pondere
880 2403 929 2477 ad
951 2404 1097 2500 pondus
1119 2414 1159 2478 et

112 2514 303 2588 celeritate
319 2515 368 2589 ad
384 2513 621 2590 celeritatem.

419 2728 669 2782 naoaosmno
693 2730 853 2783 xxvm.

313 2831 453 2906 Datum
470 2834 621 2933 pondre
638 2834 731 2908 datu
749 2836 786 2910 ri
802 2857 956 2910 morere.

166 2968 361 3044 Problema
377 2983 507 3046 notum
525 2983 593 3046 eet.
638 2973 712 3048 Sed
728 2984 925 3069 antequam
943 2971 991 3045 ad
1008 2971 1156 3044 demon·

112 3083 331 3159 strationem
348 3085 533 3174 accedam,
558 3110 677 3183 pauca
699 3085 767 3159 tibi
792 3085 913 3159 darei
940 3094 1073 3158 natura
1097 3107 1157 3156 ex·

112 3197 288 3295 plicanda
303 3209 402 3272 sunt.
452 3198 607 3288 Deinde,
626 3199 671 3272 de
689 3223 734 3273 eo
752 3199 851 3295 quod
868 3198 1040 3296 praestitit
1056 3196 1157 3270 Wal-

110 3310 229 3399 lisinS‚
242 3309 437 3405 judicabis.

164 3423 287 3495 Primo
303 3424 494 3497 sciendum
517 3437 584 3511 est,
602 3422 703 3521 quod
729 3426 872 3521 pondus
901 3427 1018 3521 majus
1044 3447 1067 3496 a
1089 3422 1157 3495 mi-

112 3558 205 3609 nore
222 3559 297 3609 non
315 3548 492 3627 movetur,
509 3539 579 3611 nisi
600 3539 656 3611 vis
677 3539 814 3612 matrix
842 3538 896 3632 (id
913 3550 969 3611 est
991 3537 1157 3634 potentia

113 3648 162 3722 ad
187 3649 429 3745 celeritatem)
450 3651 600 3724 minoris
618 3651 654 3724 vi
681 3653 836 3726 matrice
863 3651 1013 3747 majoris
1039 3652 1157 3746 major

113 3763 172 3836 sit.
225 3762 485 3857 Majorautem
504 3787 674 3837 essenon
698 3777 834 3861 potest,
851 3766 916 3837 nbi
938 3786 1045 3860 pares
1070 3773 1156 3835 sunt

114 3876 411 3951 circumstantiae.
461 3878 539 3951 Aut
560 3877 722 3974 argoris
749 3878 884 3952 matrix
912 3876 1064 3949 minoris
1092 3898 1157 3947 an·

112 3989 236 4086 ganda
251 4012 319 4086 per
337 3989 545 4064 machinam
566 3991 739 4087 aliquam,
757 3991 893 4065 antris
915 3988 1064 4084 majoris
1087 3988 1156 4059 mi-

112 4102 261 4176 nuenda
286 4112 354 4176 est.
405 4103 663 4178 Machinarum
692 4104 740 4179 ad
766 4106 862 4178 hauc
890 4127 969 4176 rem
994 4125 1069 4175 nna
1099 4115 1156 4174 est

112 4214 214 4288 libra
226 4242 241 4299 ;
271 4238 295 4288 a
329 4217 432 4311 cujus
463 4227 591 4291 centro
626 4218 657 4290 si
689 4218 842 4291 brachia
874 4216 949 4288 sint
982 4215 1156 4311 utrinqne

112 4327 280 4424 aequalia,
297 4329 446 4404 termini
471 4330 704 4406 brachiorum
727 4329 938 4406 describent
958 4328 1005 4426 (si
1032 4351 1156 4402 move·
