2932 5054
502 462 836 518 nccnnsrasrrcA.
1118 452 1192 521 363

154 625 235 692 Esse
249 648 340 693 novae
354 627 502 715 princeps
515 628 580 694 fuit
593 628 706 716 ingens
716 629 818 715 glorio
831 638 926 695 seetae

197 724 400 813 Philosopho,
417 727 484 794 sine
499 750 563 812 que
577 752 642 795 non
657 737 726 794 erat
739 728 825 794 unde
839 728 956 796 ederet·

157 825 210 893 Sic
224 826 439 892 doctrinarum
454 838 626 893 nascuntur
640 827 727 893 mille
741 827 870 906 colores,

198 925 287 990 Dum
301 925 418 992 nebulo
433 925 517 991 lema
530 926 645 992 nobilis
658 948 727 993 esse
740 926 840 1013 cupit.

155 1024 311 1092 Nascitur
323 1025 399 1092 hinc
413 1025 530 1102 odium,
546 1036 580 1091 et
593 1025 757 1113 pugnandi
772 1048 887 1113 magna
899 1025 1020 1093 libido:

200 1124 264 1192 Sed
278 1147 388 1211 pacem
403 1135 531 1192 servant
544 1148 631 1190 arma
644 1135 761 1212 negata
774 1125 873 1213 gregi.

157 1224 275 1290 Mutus
289 1224 344 1290 sed
354 1225 479 1311 jaciunt
493 1224 635 1291 convicia
650 1249 658 1289 ε
682 1224 784 1290 credit
797 1225 927 1310 utrique

200 1323 368 1400 Ethnious,
382 1333 416 1389 et
431 1322 552 1391 Christi
566 1324 659 1390 dulce
669 1325 785 1411 jugum
799 1324 928 1411 refugit
1029 1373 1031 1378 -
1129 1329 1193 1390 510

158 1422 257 1488 Alter
270 1434 304 1488 et
317 1423 449 1488 alterius
463 1423 539 1488 dum
554 1423 684 1489 damnat
697 1422 855 1509 dogmata,
869 1433 981 1489 natum
995 1434 1045 1490 eet

199 1522 329 1588 Nomen
344 1531 378 1589 et
390 1522 540 1589 Haeretici
557 1523 764 1609 Catholiciqoo
777 1521 849 1588 viri.

159 1620 247 1687 Nam
261 1643 335 1687 cum
347 1620 470 1687 finisset
484 1619 607 1709 Synodi
619 1621 776 1687 sententia
788 1620 888 1698 litem,
945 1638 948 1643 ·

202 1719 343 1787 Vincere
358 1717 570 1798 catholicum,
585 1721 671 1787 vinci
685 1729 753 1787 erat
767 1719 961 1786 hereticum.

161 1819 357 1888 Consensere
370 1829 478 1885 tamen
493 1819 610 1907 signati
624 1820 752 1885 nomine
767 1818 889 1887 Christi

202 1918 325 1987 Contra
340 1916 487 1986 Gentiles
500 1919 729 2006 lignicolasque
743 1918 838 1985 viros.

157 2018 245 2105 Ergo
266 2017 358 2083 miles
370 2027 449 2095 erat,
464 2018 589 2103 quoties
602 2018 722 2084 bellum
736 2017 800 2082 suit
813 2017 911 2084 inter'

201 2116 293 2204 Ipsos
307 2116 478 2194 Romanos,
495 2115 686 2184 christicola
699 2116 855 2204 egregius.

160 2215 208 2281 Hi
223 2214 471 2283 Constantinum
485 2215 631 2282 lecerunt
644 2215 781 2294 vincere,
796 2226 830 2282 et
843 2215 897 2281 ille

202 2315 265 2381 His
278 2337 343 2380 non
357 2314 543 2381 credentum
557 2315 711 2403 sanguine
724 2315 803 2381 lavit
817 2315 969 2380 humum:
1131 2318 1197 2380 520

159 2416 346 2501 (iunctoque
359 2414 510 2481 falsorum
524 2415 685 2481 destruxit
698 2416 816 2502 templs
829 2415 983 2493 Deorum,

202 2514 310 2581 Unius
325 2525 358 2580 et
372 2514 479 2579 sanxit
492 2514 621 2601 publiea
635 2536 723 2580 sacra
736 2513 819 2579 Dei:

160 2614 372 2699 Pastoresque
387 2635 521 2700 gregum
535 2635 652 2700 magno
666 2613 816 2699 dignatus
830 2611 949 2678 honore
963 2621 1013 2679 eet

199 2713 401 2800 Praecipuos:
426 2711 545 2778 Christi
559 2712 664 2777 cultor
677 2720 711 2777 et
725 2711 792 2796 ipse
806 2710 880 2776 fuit.

161 2815 290 2880 Summe
304 2811 500 2898 temporibus
515 2810 658 2877 Ecclesia
671 2810 780 2876 floruit
793 2810 866 2886 illis,

203 2914 364 3000 Agrorum
379 2911 496 2977 sanctis
510 2910 749 2996 proprietasque
762 2908 855 2975 redit.

161 3013 264 3097 Inque
277 3011 344 3077 dies
358 3011 459 3076 crevit
472 3032 552 3097 grex
567 3008 706 3077 Christi:
730 3008 862 3074 accessit
875 3008 915 3074 ed
929 3007 1000 3073 illos

202 3111 359 3178 Omnibus
374 3133 392 3176 e
406 3109 500 3175 terris
514 3110 700 3174 innumerus
714 3108 861 3195 populus,

162 3210 319 3296 Principis
332 3209 488 3295 exemplo,
503 3210 555 3276 vel
569 3209 778 3295 prosperitate
792 3208 897 3274 vocati

203 3309 380 3395 Temporis,
395 3319 452 3374 aut
466 3308 573 3394 aliqua
587 3331 664 3375 voce
678 3307 856 3373 ministerii.
1133 3310 1200 3371 530

161 3408 301 3493 Jamque
315 3407 395 3472 nihil
409 3407 517 3472 deerat
531 3406 618 3491 quod
631 3417 760 3493 gentem
775 3405 905 3472 reddere
921 3403 1042 3472 Christi

203 3507 358 3572 Foelioem
372 3518 487 3593 posset,
503 3506 537 3570 ni
552 3505 611 3572 sibi
625 3507 734 3572 deesse
748 3505 834 3572 velit.

163 3609 226 3673 Sec.
236 3604 460 3688 Desuit(haud
469 3604 601 3670 dubium
611 3605 767 3691 est)quod
775 3614 852 3670 erat
875 3603 941 3686 Qui
950 3627 1015 3671 non
1023 3602 1200 3671 hononorit

204 3706 279 3793 Ipse
294 3728 360 3782 suo,
376 3714 432 3770 sut
445 3703 548 3770 nescit
562 3703 639 3788 quid
649 3706 743 3789 juvet
757 3714 814 3769 aut
827 3714 949 3780 noceat,

164 3806 261 3871 Hunc
275 3827 335 3870 nec
348 3804 417 3891 agri
431 3825 490 3870 nec
505 3825 580 3889 opes
594 3803 718 3869 felicem
733 3804 864 3870 reddere
878 3812 1031 3890 possunt:

204 3903 291 3968 Nam
307 3902 367 3968 sibi
381 3902 502 3968 divitiis
517 3902 584 3988 ipse
599 3901 751 3968 molestus
765 3901 835 3967 erit

164 4002 222 4065 Pr.
245 4000 316 4077 Est,
332 4000 385 4065 ita
429 3999 569 4066 Divitias
583 3999 706 4065 dederit
720 4000 747 4065 si
762 4021 878 4065 numen
894 4021 988 4066 avaro

207 4101 370 4183 Quantum
381 4109 471 4185 optat
485 4122 626 4186 magnas,
641 4098 826 4165 ambitiosus
841 4099 911 4164 erit

163 4198 200 4264 Si
210 4221 316 4264 rerum
330 4220 438 4263 curam
454 4197 647 4264 commiserit
660 4198 837 4274 ambitioso,

208 4297 290 4363 Vult
303 4296 366 4365 dici
382 4296 516 4384 sapiens,
531 4308 628 4383 atque
643 4299 797 4384 superbus
812 4295 881 4362 erit
1137 4301 1202 4359 540
