2932 5054
524 439 743 492 nersroxn.
1080 424 1153 491 293

111 608 227 705 gravi,
238 619 277 682 et
290 607 496 705 impediunt
509 623 648 685 motum
661 609 775 684 totius
786 619 937 707 propter
949 609 1155 683 consisten·
1180 612 1351 726 gfflffmffl

110 725 200 797 tiam
218 723 307 819 ejus.
362 722 405 795 ld
430 735 555 796 tamen
572 723 740 797 accidere
761 747 836 797 non
852 734 976 818 potest
992 722 1155 796 materias
1193 712 1335 785 *we-3

110 835 248 923 subtili,
263 860 346 932 quae
363 847 402 909 et
418 836 532 908 fluida
545 851 602 909 est
618 836 788 924 maxime,
800 848 838 908 et
854 835 1006 908 minime
1018 835 1154 931 gravis.

110 948 217 1021 Adde
235 948 335 1043 quod
359 971 493 1043 eorpus
518 949 670 1044 planum
694 948 838 1022 facilius
856 961 1026 1021 movetur
1043 972 1154 1045 super

109 1074 272 1157 tapetem
289 1062 448 1135 sericum
475 1062 663 1158 sequendo
688 1062 966 1135 inclinationem
982 1062 1153 1159 pilorum,

110 1174 220 1248 modo
239 1176 453 1248 extremitas
466 1175 630 1270 corporis
648 1176 739 1248 moti
757 1176 964 1271 promineat
981 1176 1079 1250 ultra
1091 1198 1155 1248 ex-

109 1287 333 1361 tremitatem
350 1289 495 1384 tapetis
509 1301 546 1360 et
563 1289 751 1385 supposito
770 1288 868 1384 quod
885 1301 990 1384 tapes
1006 1311 1154 1384 pressus

110 1425 186 1474 non
215 1415 371 1474 conetur
401 1425 440 1474 se
468 1401 674 1475 restituere.
728 1402 822 1477 Quae
852 1401 976 1474 omnia
998 1401 1155 1498 impedi-

110 1527 237 1587 menta
262 1515 397 1589 absunt
425 1539 448 1589 a
477 1527 581 1589 motu
609 1515 774 1589 materiae
803 1514 947 1588 subtilis
977 1539 1045 1613 per
1071 1515 1154 1589 duri

110 1650 231 1725 poros.

161 1741 298 1814 Scribis
316 1739 459 1813 decimo
476 1740 570 1830 loeo,
585 1740 683 1837 quod
702 1741 868 1835 queritur
885 1743 932 1815 D.
945 1741 1154 1825 DesoarteS,

111 1876 169 1925 me
179 1854 364 1927 effinxisse
374 1855 408 1926 ei
419 1853 518 1951 quod
531 1855 801 1950 computaverit
814 1879 960 1928 omnem
969 1856 1154 1951 jacturam

110 1967 315 2040 velocitatis
341 1967 380 2039 in
406 1980 511 2040 motu
535 1967 725 2041 deorsum:
752 1968 887 2042 dixisse
904 1980 1028 2042 autem
1051 1965 1154 2038 illum

111 2081 408 2154 constantissime
439 2081 730 2177 computandum
763 2106 844 2156 esse
874 2083 913 2155 in
940 2089 1044 2154 motu
1073 2090 1154 2152 toto

110 2194 328 2290 simpliciter
344 2206 505 2290 sumpto.

162 2307 397 2404 Respondeo:
424 2308 542 2382 fateor
559 2307 694 2381 dixisse
714 2308 818 2382 illum
835 2307 988 2394 directe,
1006 2328 1155 2400 compu-

111 2424 265 2497 tandum
284 2446 363 2497 esse
380 2423 480 2497 illam
494 2425 678 2520 jacturam
696 2425 735 2498 in
752 2439 855 2500 mota
872 2438 968 2499 toto:
987 2423 1053 2498 sed
1070 2446 1155 2496 cum

111 2536 205 2610 dixit
223 2536 567 2611 determinationem
584 2538 926 2634 perpendicularem
945 2549 1103 2624 tautum,
1118 2547 1156 2609 et

111 2675 186 2723 non
212 2651 412 2740 lateralem,
431 2651 548 2724 minui
573 2650 611 2723 in
636 2650 756 2747 prima
780 2650 863 2723 duri
888 2650 1156 2746 penetratione,

112 2765 205 2838 dixit
214 2788 281 2860 per
292 2787 520 2859 consequens
532 2776 673 2836 motum
684 2775 804 2837 totum
815 2761 1156 2859 perpendicularem

112 2876 244 2948 minui:
262 2900 349 2949 nam
363 2876 621 2949 determinatio
635 2875 750 2949 minui
767 2900 842 2949 non
856 2886 990 2971 potest,
1003 2875 1076 2947 nisi
1090 2899 1156 2970 per

111 2987 449 3062 determinationem
467 2988 650 3083 intelligat
667 2998 810 3063 motum.
862 2989 948 3062 Non
967 3009 1057 3083 ergo
1070 3008 1156 3058 con·

111 3102 336 3176 stantissime
367 3101 472 3190 dixit,
500 3102 686 3197 jacturam
712 3113 835 3174 motus
866 3098 1156 3195 computandum

111 3215 244 3289 esseio
261 3226 343 3288 toto
357 3226 461 3286 motu
479 3213 705 3309 simpliciter.
735 3213 774 3288 Si
785 3238 873 3309 ergo
884 3213 946 3287 ille
959 3225 1156 3308 utrumque

111 3327 442 3402 contradictorium
460 3326 566 3416 dixit,
580 3351 650 3422 ego
664 3340 788 3400 autem
806 3327 963 3399 alterum
976 3350 1104 3399 eorum
1121 3325 1157 3399 ei

111 3441 293 3526 adscribo,
307 3452 452 3515 nonest
464 3441 535 3513 hoc
550 3440 584 3512 ei
596 3440 734 3538 aliquid
744 3442 931 3536 affingere.
963 3440 1157 3528 Praeterea,

113 3556 144 3628 si
161 3555 222 3628 ille
236 3556 421 3651 jacturam
438 3553 645 3627 velocitatis
662 3566 779 3626 totam
797 3564 989 3649 computat
1011 3553 1049 3624 in
1076 3564 1157 3626 toto

113 3681 230 3758 motu,
247 3667 386 3740 nullam
405 3679 530 3740 autem
548 3667 789 3763 computatio
803 3679 907 3740 motu
926 3664 1081 3754 laterali,
1095 3689 1157 3740 ne-

113 3805 214 3855 cesse
232 3794 289 3854 est
305 3793 347 3853 ut
365 3793 482 3853 totam
498 3792 687 3876 computet
705 3781 743 3852 in
757 3780 835 3853 solo
849 3779 1158 3876 perpendiculari.

163 3894 287 3981 Vides,
307 3893 623 3967 Revereudissime
641 3895 761 3983 Pater,
781 3917 890 3989 quam
909 3893 1007 3965 clare
1021 3903 1059 3964 et
1075 3914 1159 3987 per-

112 4009 238 4105 spicue
249 4008 346 4081 illius
360 4007 641 4103 objectionibus
652 4009 814 4081 breviter
825 4021 962 4095 tamen,
974 4004 1157 4101 respondi.

114 4125 169 4196 Ex
188 4147 259 4219 quo
289 4133 395 4217 patet
415 4120 668 4194 doctissimum
692 4133 730 4195 et
753 4119 1088 4217 ingeniosissimum
1104 4118 1160 4190 vi-

114 4261 209 4324 rum,
222 4235 280 4308 vel
293 4234 437 4307 incuria
451 4235 507 4307 vel
521 4235 748 4331 praejudicio,
764 4258 838 4307 non
852 4233 942 4307 satis
959 4231 1160 4307 intendisse

114 4350 278 4422 animum
295 4348 343 4422 ad
360 4372 405 4421 ea
424 4371 506 4443 quae
524 4347 752 4443 scripseram.
805 4346 1055 4420 Nihilominus
1070 4345 1160 4420 libe·
