2932 5054
513 459 848 515 nccnnsmsrrcn.
1132 440 1205 520 387

165 626 219 694 Sic
233 625 329 691 etiam
345 624 492 690 subtilior
506 635 556 690 est
570 624 756 690 Idololatria

207 725 314 808 Quam
328 725 409 801 dico,
426 746 522 809 quam
538 747 609 808 quae
625 722 796 788 materialis
811 733 889 788 erat.
1062 771 1065 778 -
1124 729 1206 790 1420

165 830 228 891 Sec.
254 823 334 889 Haec
348 824 548 909 aenigmatice
563 823 709 908 quemvis
723 845 866 887 nonnose
881 823 1007 900 videris,

207 925 366 989 Attamen
382 936 419 989 ut
434 907 556 1009 capiani
571 946 635 988 non
651 946 731 1008 opus
747 922 910 1008 OEdipcde
924 934 982 988 est

165 1022 317 1107 Namque
332 1045 420 1088 mera
433 1022 570 1087 indoctae
589 1022 758 1087 coluerunt
773 1021 895 1086 somnia
909 1022 1042 1099 Gentes,

210 1123 302 1188 Picta
316 1122 495 1187 sacerdotes
510 1143 575 1204 quo
590 1121 718 1186 voluere
734 1120 838 1184 medo.

165 1221 371 1288 Nocturnum
386 1220 540 1308 populum
555 1243 648 1285 nemo
663 1244 728 1285 non
744 1219 885 1285 viderat:
909 1221 995 1286 unde

210 1321 382 1386 Advenere
398 1331 515 1396 tamen,
531 1319 656 1385 nescius
671 1319 773 1384 omnis
789 1328 866 1386 erat

166 1422 226 1485 Pr.
252 1420 340 1484 Hinc
355 1429 459 1484 metus
474 1419 587 1505 ignoti,
603 1419 812 1503 doctrinaque
832 1417 1081 1495 Daemoniorum,

211 1517 348 1584 Subdita
361 1519 518 1603 corruptis
532 1517 791 1605 philosophisque
806 1516 912 1583 Fides.

166 1616 388 1702 Respexitque
403 1616 501 1683 Fides
516 1641 556 1683 ex
570 1618 625 1682 illo
640 1627 783 1702 tempore
799 1616 933 1682 Patrum

210 1715 382 1803 Dogmata,
397 1739 461 1780 nen
479 1715 567 1782 Sacri
583 1740 656 1801 quae
670 1717 806 1782 docuere
821 1716 922 1783 Libri.
1130 1720 1213 1783 1430

170 1814 224 1882 Sic
239 1814 375 1901 populus
390 1816 533 1901 trepidus
548 1816 707 1903 pendebat
720 1818 761 1883 ab
776 1839 832 1881 ore
846 1817 1009 1903 magistri:

213 1915 389 2001 Coeperunt
403 1939 514 2003 regum
526 1917 615 2001 jussa
627 1916 731 1981 valere
747 1939 870 2001 parum.

171 2015 251 2081 Cara
265 2016 360 2080 nimis
375 2016 468 2101 pauci
484 2020 651 2081 versabant
665 2016 791 2082 Bibliu:
815 2015 956 2082 noudum

214 2115 305 2180 Artis
321 2126 390 2181 erat
405 2116 502 2181 libros
519 2117 731 2202 multiplicare
745 2116 841 2203 typis.

172 2212 277 2297 Inque
293 2214 428 2279 Petrum
443 2215 589 2280 munibus
604 2238 748 2280 mansere
763 2214 902 2281 Oracule
918 2212 1044 2291 Sancta,

216 2311 363 2394 Quorum
379 2314 547 2399 praeceptis
561 2324 640 2379 tunc
653 2314 792 2380 didicere
807 2314 905 2399 loqui

173 2409 301 2476 Deinde
316 2412 403 2494 quod
417 2411 451 2475 in
466 2412 594 2499 templis
609 2414 765 2479 curabant
778 2411 1016 2479 commemorari

216 2509 394 2574 Doctorum
411 2510 557 2593 quaedam
573 2512 702 2577 nemine
716 2512 817 2577 amica
831 2511 902 2588 sibi,

173 2607 375 2694 Expediebat
390 2609 444 2675 cis.
492 2608 572 2695 Spes
586 2622 745 2678 ostentata
760 2611 924 2698 triumphi,

217 2706 346 2773 Militiae
361 2719 411 2774 est
425 2731 549 2794 semper
563 2711 701 2775 maxima
715 2735 810 2777 causa
823 2713 926 2778 bonae.
1135 2712 1218 2771 1440

175 2810 239 2871 Sec.
265 2805 328 2872 Sed
345 2807 448 2891 quid?
470 2808 528 2872 An
540 2808 573 2872 in
583 2810 719 2895 templis,
733 2820 766 2875 et
780 2810 858 2875 dum
869 2811 1070 2876 celebrantur
1083 2807 1218 2871 bonores

217 2905 341 2984 Diviui,
357 2907 406 2972 fas
420 2916 470 2972 est
484 2909 703 2974 concelebrare
717 2908 888 2985 hominem,

176 3004 282 3087 Quem
298 3005 369 3090 pius
384 3004 510 3090 ignoras
526 3008 623 3071 sitan
638 3007 755 3093 impius
769 3009 898 3095 ignibus
913 3007 990 3073 atris

220 3101 352 3180 Subtus,
368 3127 409 3167 an
424 3104 456 3168 in
472 3104 542 3168 eoeli
558 3105 629 3170 luce
644 3108 756 3171 beatus
776 3108 876 3193 agat?

176 3201 319 3290 Regibus
335 3203 450 3269 infeste
465 3203 605 3289 signabis
621 3205 747 3272 nemine
763 3206 888 3272 fastos?

218 3302 385 3368 Beeehetti
402 3303 500 3370 stabit
515 3304 618 3369 satum
633 3305 666 3369 in
682 3306 919 3391 premeride?

177 3400 236 3465 Pr.
262 3401 359 3484 Quod
374 3403 465 3468 stetit
479 3404 512 3467 id
526 3404 634 3480 stabit,
650 3404 715 3470 vim
730 3405 810 3490 legis
825 3405 901 3469 dum
917 3412 1006 3469 tenet
1021 3424 1106 3478 usus,

221 3499 267 3565 Et
281 3501 415 3586 populos
430 3513 517 3567 recta
531 3526 588 3589 pro
604 3504 724 3569 ratione
740 3504 831 3590 regit.

178 3598 268 3685 Papa
281 3600 335 3664 sed
351 3600 390 3664 ad
405 3623 553 3686 magnam
569 3625 656 3687 spem
671 3625 725 3667 eor
739 3603 862 3680 dilatat,
874 3614 908 3668 et
921 3601 1006 3668 orbis

220 3699 337 3764 Totius
351 3699 519 3785 imperium
534 3701 655 3787 cogitat
669 3724 736 3767 esse
751 3726 863 3768 sunm:
1138 3698 1220 3760 1450

179 3797 224 3864 Et
233 3798 317 3882 juris
331 3799 443 3863 titulos
458 3811 629 3884 extorquet
644 3800 762 3867 Codice
782 3824 889 3867 sacro:

224 3896 369 3983 Suppeni
384 3897 444 3963 sibi
459 3898 531 3963 vult
545 3899 651 3963 omnia
660 3901 734 3984 jure
750 3899 831 3965 Dei:

180 3995 214 4060 N
215 3996 438 4081 ominibusque
453 3997 539 4082 capit
553 4021 666 4083 regum
680 3998 799 4085 regalia
808 4000 889 4083 jura.

222 4094 331 4182 (Saepe
346 4095 460 4160 Fidem
475 4094 582 4180 gignit
596 4120 711 4162 nomen
727 4097 820 4161 inane
834 4096 904 4181 rei).

181 4193 371 4261 Pontificem
385 4195 448 4259 dici
462 4194 533 4259 vult
548 4219 591 4272 se,
607 4220 672 4281 que
692 4197 817 4262 nomine
833 4194 992 4280 quendam

224 4295 397 4381 Augustus
412 4293 525 4357 Romae
541 4308 669 4380 ceperat
684 4295 862 4381 imperium.

183 4392 343 4478 Quodque
357 4393 421 4458 fuit
437 4390 545 4456 Moses
559 4393 695 4470 Judaeia
711 4405 744 4459 et
759 4393 845 4478 quod
861 4395 981 4471 Aaron,

1029 4514 1119 4567 cc2
