2932 5054
367 431 565 488 rosunum
585 431 909 485 suonnmucuu.
1114 420 1157 488 19

115 621 223 673 arcus
239 598 301 689 ab,
318 601 377 690 ed,
396 601 453 697 ef:
472 600 542 675 erit
557 609 660 674 reeta
671 599 728 674 De
739 598 861 673 media
872 599 1157 696 proportionalis
1203 633 1287 676 mor.
1299 636 1329 678 v.

115 711 214 786 inter
237 727 378 787 rectam
403 715 463 788 Du
480 727 519 789 et
534 714 626 788 duas
652 715 797 812 quintas
823 713 999 810 ejusdem,
1025 738 1157 812 nempe
1169 701 1370 816 Βθῖᾦζῶω

113 825 236 899 minor
262 851 373 923 quam
399 828 481 919 DR,
506 840 637 902 contra
664 827 904 923 suppositum.
957 827 1043 901 Non
1070 840 1157 903 sunt
1169 837 1234 871 “⁰¹¹⁵
1242 824 1327 870 Μ

112 962 204 1036 ergo
221 963 329 1013 arcus
347 941 409 1014 RS
426 953 465 1015 et
480 953 584 1015 recta
601 941 662 1014 Da
680 940 852 1036 aequales.

164 1053 270 1127 Idem
304 1066 518 1152 sequeretur
546 1054 578 1128 si
612 1055 672 1128 Da
698 1054 887 1151 supposita
914 1062 1012 1128 esset
1037 1054 1157 1149 major

111 1191 226 1263 quam
243 1167 323 1241 DC.
374 1167 547 1267 AEqnales
571 1191 660 1264 ergo
686 1179 774 1240 suut
793 1191 901 1243 arcus
920 1166 981 1240 RS
999 1177 1038 1242 et
1054 1177 1157 1240 recta

111 1279 197 1354 DC:
212 1291 250 1354 et
262 1304 329 1377 per
342 1305 568 1378 consequens
581 1303 688 1355 meus
700 1277 781 1369 TV,
793 1279 833 1352 id
850 1291 907 1354 est
921 1279 1002 1352 duae
1018 1279 1156 1377 quintae

112 1416 222 1466 arem
241 1392 316 1482 CA,
328 1404 365 1467 et
383 1407 485 1467 recta
501 1393 572 1467 DR
584 1404 671 1466 sunt
687 1393 858 1490 aequales.
892 1391 937 1466 Id
954 1403 1021 1483 est,
1034 1391 1157 1467 media

111 1505 400 1603 proportionalis
429 1506 527 1580 inter
553 1505 866 1580 semidiametrum
892 1518 931 1580 et
958 1506 1049 1579 duas
1076 1507 1156 1602 ejus

112 1620 274 1715 quintas,
290 1617 438 1716 aequalis
461 1630 518 1693 est
543 1618 684 1693 duabus
710 1617 849 1714 quintis
874 1629 1015 1716 quartae
1040 1618 1156 1715 partis

111 1730 243 1806 circuli
254 1731 573 1806 circumferentiae.
603 1729 804 1806 Quoderat
817 1730 1155 1806 demonstrandum.

539 1968 736 1978 —-

519 2161 657 2236 PROP.
684 2159 750 2236 VI.

111 2309 845 2408 DascaranrnnquadratumABOD,et
859 2321 1001 2387 secetur
1014 2323 1095 2387 tum
1107 2312 1154 2387 ab

111 2427 186 2519 EF,
197 2426 283 2516 GH,
289 2438 369 2501 tum
380 2448 403 2499 a
415 2425 671 2523 diagonalibus
681 2424 758 2512 Ac,
765 2424 844 2515 BD,
850 2426 1155 2502 concurrentibus

112 2541 152 2614 in
169 2552 299 2615 centro
317 2540 348 2628 Ι,
367 2537 640 2635 quadrifariam.

162 2653 308 2728 Deinde
325 2653 422 2726 inter
439 2649 505 2726 DC
523 2663 561 2725 et
581 2651 696 2748 ipsius
714 2651 805 2724 duas
828 2651 973 2749 quintas
990 2663 1157 2735 sumatur

111 2766 235 2840 media
252 2764 538 2863 proportionalis
555 2765 641 2841 DR:
667 2776 706 2838 et
718 2767 850 2860 juncta
865 2765 935 2838 AR
951 2788 1078 2840 secans
1095 2766 1156 2840 EF

111 2880 152 2953 in
169 2905 206 2970 a,
219 2879 446 2979 producatur
460 2878 578 2953 donec
591 2889 761 2952 occurrat
772 2877 880 2952 lateri
893 2876 959 2954 BG
971 2878 1154 2975 producto

113 2993 153 3066 in
172 2991 208 3066 d.

163 3106 258 3179 Dico
276 3115 416 3178 rectam
442 3104 497 3177 Bb
516 3103 748 3201 quintuplum
765 3127 844 3177 esse
862 3113 974 3177 reetae
991 3102 1061 3193 Ea,
1078 3103 1154 3177 siva

110 3220 253 3318 quintae
270 3219 388 3315 partis
406 3241 512 3291 arcus
530 3214 608 3291 AO.

164 3332 349 3406 Quoniam
377 3330 510 3404 similia
535 3340 622 3403 sunt
646 3328 831 3426 triangula
851 3329 965 3417 ΑΒΚ,
988 3327 1091 3417 ABb,
1118 3339 1156 3402 et

111 3469 220 3519 arcus
244 3444 459 3542 quadrantis
483 3442 657 3539 descripti
675 3466 698 3514 a
715 3443 784 3515 DR
801 3455 856 3516 est
879 3441 1029 3538 aequalis
1050 3440 1155 3514 lateri

111 3559 195 3649 DC,
212 3559 289 3632 sive
307 3555 387 3648 AB,
406 3556 478 3630 erit
494 3577 639 3653 quoque
665 3578 772 3628 arcus
797 3555 998 3651 descriptus
1021 3554 1068 3627 ab
1086 3552 1154 3626 AB

111 3672 262 3768 aequalis
286 3684 399 3745 rectae
418 3668 482 3742 Bb.
536 3669 630 3743 Cum
647 3692 735 3765 ergo
754 3669 823 3742 DR
840 3670 887 3742 sit
910 3670 993 3743 duae
1019 3668 1155 3765 quintae

113 3808 221 3859 arcus
239 3783 317 3873 AO,
343 3795 381 3858 et
403 3807 469 3880 per
495 3805 723 3878 consequens
747 3780 802 3853 Bb
820 3783 980 3878 quinque
1004 3782 1154 3877 quintae,

113 3898 186 3972 erit
203 3896 260 3971 Bb
277 3895 473 3994 quintupla
498 3907 609 3968 rectae
626 3895 700 3967 Ea:
728 3918 819 3990 quae,
839 3919 922 3967 cum
940 3896 987 3968 sit
1005 3894 1156 3967 dimidia

112 4022 224 4084 rectae
242 4011 324 4097 DR,
342 4021 399 4083 est
416 4008 546 4107 quinta
558 4031 645 4105 pars
663 4031 769 4081 arcus
782 4007 848 4083 Ac
865 4009 941 4081 sive
959 4019 1070 4082 rectae
1088 4006 1154 4082 Bb.

114 4122 228 4198 Quod
244 4134 326 4196 erat
348 4121 686 4195 demonstrandum.

162 4238 203 4311 Si
216 4260 307 4332 ergo
321 4246 487 4308 sumatur
500 4236 538 4307 in
552 4234 666 4308 latere
680 4233 742 4307 Bc
754 4257 839 4328 pars
857 4233 905 4305 Br
927 4235 1075 4331 aequalis
1088 4234 1157 4321 Ea,

113 4374 158 4425 ea
172 4348 373 4448 quinquies
390 4347 547 4444 repetita
564 4346 824 4421 terminabitur
840 4346 879 4420 in
897 4344 931 4421 b.

985 4481 1008 4533 c
1025 4483 1040 4528 2
