846 1440
201 194 242 211 220
356 198 477 212 ’manna-us
487 197 582 212 oiri-icus.

107 245 150 256 τιον.
158 246 179 256 w.
202 240 267 265 incipit
276 243 336 259 motus
345 246 356 259 a
368 240 383 259 B
392 246 456 259 versus
469 240 490 263 C,
499 246 574 259 necesse
582 243 610 258 est
619 243 640 259 ut
648 240 725 265 incipiat

110 264 180 272 -vd

202 272 262 287 motus
271 275 282 287 a
291 269 306 287 C
314 275 377 287 versus
386 268 409 291 D,
418 272 438 287 et
446 275 457 287 a
466 269 483 287 D
490 274 554 287 versus
562 269 583 291 E,
593 272 611 287 et
618 269 641 287 ab
650 269 665 287 Ε
674 275 725 293 pror-

201 303 248 316 sum.
262 297 324 316 Quare
333 297 349 315 si
355 300 448 316 statuatur
454 297 518 316 oculus
524 297 543 316 in
550 297 631 321 qualibet
637 297 726 316 distantia

200 331 212 344 a
219 325 264 348 sole,
269 329 315 350 puta
321 325 340 344 in
346 325 373 344 E:
388 331 425 350 quo
431 326 511 344 instante
517 325 582 350 incipit
590 325 618 344 sol
626 325 700 344 dilitare
705 331 725 344 se

200 354 220 372 in
227 353 317 376 B‚eodem
322 354 398 372 ferietur
403 354 468 372 oculus
473 354 492 372 in
496 354 516 372 E.
531 354 585 372 Unde
591 354 725 378 propagabitur

200 385 262 401 motus
271 382 294 400 ad
302 382 386 404 retinam,
394 385 413 401 et
419 382 463 400 inde
470 388 503 406 per
512 386 599 401 conatum
608 382 673 401 retinae
681 388 724 401 ner-

200 416 244 429 vum
251 410 345 434 optieum‘
351 416 409 434 usque
421 410 445 428 ad
451 411 556 429 cerebrum:
565 414 584 429 et
591 410 627 429 hoc
632 410 654 428 fit
659 410 724 429 eodem

200 439 288 460 instante,
296 444 333 463 quo
345 441 406 457 motus
419 438 484 463 incipit
495 439 514 457 in
522 439 543 457 B.
569 437 663 457 Praeterea
669 442 698 457 est
705 439 724 457 in

200 467 283 489 oei-ebro,
292 470 313 485 ut
324 467 343 485 in
355 467 428 485 caeteris
440 467 526 485 omnibus
534 473 575 491 quae
584 467 686 491 patiuntur,
695 473 724 485 re-

200 495 249 514 actio
260 501 299 517 sua,
307 495 357 514 unde
370 498 432 513 motus
440 501 451 513 a
461 495 537 513 cerebro
549 498 663 520 propagatur
673 499 723 514 retro

200 529 233 548 per
242 529 319 542 nervum
332 523 413 548 opticum
426 523 445 541 in
458 523 543 546 retinam,
556 523 598 542 inde
608 530 641 548 per
649 523 723 542 easdem

200 552 258 570 lineas
266 557 329 570 versus
338 551 395 570 solem
404 551 470 576 quibus
479 555 523 570 ante
532 558 544 570 a
556 552 594 570 sole
603 558 667 570 versus
678 552 723 570 reti-

200 586 249 598 nam.
275 580 337 604 Atque
351 580 411 598 omnis
426 580 457 598 hie
470 586 567 604 processus
579 581 616 599 erit
627 581 693 603 factus,
701 584 723 599 ut

197 608 237 633 jam
250 608 415 627 demonstravimus
429 608 469 626 fieri
478 614 490 627 a
498 608 536 627 sule
547 609 571 627 ad
580 609 659 631 oculum,
666 609 685 627 in
694 609 722 627 iu-

200 640 267 656 stante.
294 636 414 655 Manifestum
422 642 467 661 ergo
477 640 505 655 est
513 637 532 655 in
542 637 592 655 omni
601 637 671 655 visione
679 642 722 661 pro-

200 665 264 689 pagari
274 668 344 683 motum
353 671 364 683 a
373 665 434 683 lucido
443 664 467 683 ad
476 665 549 683 oculum
560 668 579 683 et
588 665 612 683 ad
621 666 723 688 cerebrum,

200 696 219 712 et
227 693 271 711 inde
284 697 333 711 retro
345 692 369 711 ad
380 696 442 717 partes
457 696 509 711 extra
520 693 588 715 oculos,
602 693 621 711 in
635 693 723 712 instante.

199 721 320 740 Manifestum
331 722 376 740 item
385 725 419 744 est,
429 725 499 740 motum
508 721 540 746 qui
551 722 578 740 sio
589 728 600 740 a
611 722 673 741 lucido
682 728 724 746 pro-

199 753 284 774 pagatur,
293 749 400 768 debiliorem
409 755 449 768 esse
458 750 513 774 longe
522 756 577 774 quam
586 756 650 774 prope.
676 750 724 769 Cum

200 778 249 797 enim
258 778 290 797 BC
298 778 322 797 sit
331 778 390 802 major
402 784 457 802 quam
466 778 504 801 CD,
514 781 532 797 et
541 778 573 797 CD
582 784 637 803 quam
651 779 690 800 DE,
699 779 724 797 sit

199 809 261 825 tamen
270 810 343 831 tempus
349 806 487 830 propagationis
495 812 507 825 a
516 807 531 824 B
541 806 565 825 ad
574 807 589 825 C
597 806 647 825 idem
655 807 704 831 quod
711 813 723 825 a

199 835 215 853 C
223 835 248 853 ad
258 834 281 857 D,
288 834 317 853 vel
326 841 338 853 a
346 835 362 853 D
372 834 396 853 ad
407 835 432 853 E:
446 834 526 853 velocior
540 838 568 853 est
582 838 643 853 motus
656 841 723 859 propa-
