2932 5054
425 415 510 467 nux
531 412 849 466 uannnuanmm
1089 394 1159 472 127

113 579 258 655 nesciat
277 581 541 678 pronuntiare.
595 580 646 654 Et
672 602 819 652 rursm:
844 576 959 652 muita
978 576 1159 676 probabi-
1172 604 1359 648 concuovnu

114 693 187 768 lius
197 692 460 793 pronuntiabit
477 719 503 767 u
519 717 690 767 nicaeum
704 715 848 765 mensor
861 692 1040 791 diligens,
1053 715 1160 789 quam
1200 687 1344 790 2¹22

113 807 180 904 qui
188 806 413 904 pronuntiat
430 805 587 904 ascicis
597 805 805 904 principiis
823 815 894 879 ctc.
946 807 1040 878 Haec
1055 805 1160 877 llob-

111 921 254 995 basius:
280 933 319 994 et
335 934 379 994 ut
395 920 486 994 mihi
497 919 655 1006 videtur,
673 943 747 993 nou
763 918 1029 1015 imprudenter.
1074 919 1159 993 Quo

112 1033 268 1107 consilio
292 1032 325 1106 si
341 1056 429 1106 usus
447 1046 546 1106 esset
564 1031 765 1121 Wallisius,
783 1032 883 1128 quod
899 1033 1029 1128 figurae
1045 1032 1160 1105 finitae

112 1159 284 1219 centrum
312 1147 504 1242 gravitatis
531 1146 643 1219 distat
667 1145 811 1241 abipsa
831 1145 949 1241 figura
967 1146 1086 1241 spatio
1104 1145 1160 1218 iu·

111 1259 233 1347 finito,
268 1282 453 1356 nunquam
490 1259 705 1355 scripsisset.
772 1259 846 1331 Sed
880 1258 969 1356 quid
1003 1258 1051 1331 ad
1081 1259 1160 1332 haec

111 1369 325 1446 Wallisius?
377 1372 575 1462 Hobbium,
601 1372 666 1462 ait,
693 1372 753 1445 itia
783 1372 965 1445 methodis
990 1382 1160 1461 utentem,

112 1484 226 1558 tulum
243 1485 350 1558 nobis
360 1486 575 1583 producere
589 1485 842 1584 geometriam,
859 1493 988 1582 utpote
1008 1486 1069 1558 cui
1086 1484 1161 1557 cir-

112 1597 216 1670 cinus
240 1608 299 1671 cat
321 1596 464 1670 calculo
491 1597 718 1670 accuratior.
771 1598 815 1670 Iu
840 1598 1019 1670 Hobbesii
1039 1598 1163 1682 verbis

112 1709 205 1782 nihil
218 1710 326 1784 rideo
342 1736 411 1808 ego
429 1711 468 1783 in
486 1711 586 1783 illam
599 1711 833 1784 seutentiam.
869 1711 970 1786 Quid
983 1735 1072 1808 ergo
1086 1723 1160 1785 est:

112 1823 302 1914 mendum,
321 1849 368 1897 an
387 1823 640 1897 mendacium?

163 1937 366 2010 Veniamus
381 1961 468 2033 ergo
484 1937 532 2009 ad
545 1937 731 2033 prop.xvi,
747 1960 829 2032 quae
840 1959 959 2032 neque
973 1935 1163 2009 theorema

112 2073 234 2146 neque
251 2049 447 2147 quicquum
473 2048 645 2123 affirmati
663 2062 736 2122 est:
764 2050 828 2122 sed
847 2049 1002 2146 quaestio
1028 2073 1162 2145 propo-

113 2163 187 2237 sita
203 2163 473 2237 mathematicis
486 2176 529 2236 ut
543 2163 731 2236 solverent
747 2161 1037 2259 quibuscunque,
1052 2187 1161 2260 quam

111 2275 176 2350 ille
190 2299 265 2349 nou
283 2276 402 2349 solvit.
457 2276 557 2351 Quid
575 2299 664 2372 ergo
684 2275 803 2348 dicit?
857 2275 1086 2370 Conffutatio,
1104 2276 1161 2349 in-¹

112 2388 207 2485 quit,
219 2386 364 2483 facilis
392 2397 462 2462 est.
516 2387 590 2462 Sed
619 2387 774 2461 eandem
805 2388 916 2462 etium
951 2389 1161 2464 Hobbesius

114 2500 247 2575 falsam
261 2523 341 2574 esse
354 2512 473 2598 putat,
487 2514 616 2598 utpote
629 2525 739 2588 verae,
753 2525 862 2596 quam
875 2501 922 2574 ad
934 2501 1023 2574 Ror.
1037 2505 1161 2599 propi

114 2614 641 2702 demonstravitcontrariam.
676 2614 815 2689 Debuit
828 2626 952 2688 autem
969 2627 1161 2710 peccatum

113 2726 264 2824 aliquod
290 2727 492 2824 assignasse
517 2727 716 2801 Wallisius.
767 2727 855 2814 Eat,
872 2728 1004 2826 inquit,
1030 2729 1095 2801 Kd
1110 2729 1165 2802 ad

114 2840 185 2914 AD
217 2848 259 2913 ut
275 2836 308 2931 ·}
324 2839 452 2932 “54
471 2841 525 2913 ad
545 2850 579 2914 l:
610 2841 714 2934 (Ros.
733 2841 793 2936 fig.
808 2841 902 2934 xiii).
955 2842 1028 2915 Sed
1048 2866 1160 2937 argu-

116 2965 283 3026 mentum
300 2952 371 3025 hoc
388 2976 411 3026 a
428 2952 612 3027 radicibus
634 2953 919 3027 condemnatum
936 2967 1005 3027 est.
1059 2955 1162 3028 Hob·

113 3067 239 3141 basius
273 3081 397 3141 autem
432 3067 470 3140 in
505 3091 549 3140 eo
579 3080 775 3164 peccatum
805 3092 886 3142 esse
915 3081 1033 3165 putat,
1063 3070 1162 3165 quod

114 3193 296 3278 punctum
330 3181 372 3253 M
405 3194 621 3277 supponunt
655 3206 735 3255 esse
769 3182 846 3255 sine
881 3182 1088 3271 latitudine,
1124 3196 1162 3255 et

114 3307 294 3390 punctum
309 3293 338 3366 ul
351 3293 490 3368 habent
507 3319 575 3391 pro
590 3295 735 3368 visibili.
771 3295 856 3369 Quo
875 3294 1079 3392 supposito,
1092 3295 1166 3369 Ma

114 3430 236 3503 neque
251 3407 349 3481 linea
361 3431 482 3504 neque
493 3409 747 3505 rectangulum
759 3408 913 3496 erit,sed
924 3408 1162 3505 triangulum,

114 3534 156 3594 et
166 3519 253 3594 inde
263 3519 352 3593 oriri
364 3518 614 3595 difficultatem
624 3521 853 3618 quaestionis:
868 3534 987 3617 putat,
999 3521 1161 3618 inquam*

113 3656 192 3707 non
214 3632 391 3708 affirmat:
418 3633 575 3732 ideoque
603 3647 728 3708 munet
758 3634 936 3708 hactenus
967 3635 1162 3710 difficultas

112 3746 288 3823 insoluta.
1160 3765 1162 3773 ·

439 3957 765 4011 counnovunsm
783 3959 843 4010 xa

199 4076 261 4148 De
277 4073 399 4148 luttere
416 4075 637 4150 icocaltedri.
702 4097 850 4149 Rosam
869 4098 974 4171 prop.
989 4075 1077 4149 xvii.

166 4214 309 4288 Contra
338 4212 432 4286 hano
455 4211 612 4287 Wallisii
643 4212 800 4309 objectio
827 4211 948 4308 prima
970 4223 1037 4300 est,
1063 4213 1162 4309 quod

112 4327 324 4426 dependeat
343 4351 365 4401 a
382 4327 454 4418 xiv,
473 4340 510 4401 et
527 4351 551 4400 a
568 4326 795 4400 consectario
812 4334 834 4398 3
852 4349 957 4422 prop.
976 4325 1038 4400 vii.
1070 4327 1163 4402 Qum
