2932 5054
445 426 500 480 nu
527 427 808 484 urnasrnrsus
836 411 969 484 uuccrss
1161 417 1235 486 329

190 591 371 682 Lignioulis
383 592 473 660 intus
486 594 612 674 vineit,
625 617 806 682 venamque
824 587 980 683 sequutus

190 691 330 761 Materia
343 692 444 760 fossas
457 704 627 772 sustentat,
642 717 743 783 gnara
756 694 867 782 pericli

191 793 309 879 Atque
322 803 454 880 experta
467 794 524 859 diu
534 795 602 880 jam
616 817 696 881 gens
710 794 872 861 damnata'
885 792 1023 861 metallis
1035 819 1047 872 ;

192 892 245 959 Ut
258 915 323 958 non
337 892 482 959 incautos
496 893 592 959 scires
606 893 747 980 periisse,
762 894 818 960 sed
833 893 919 962 Orco

195 992 366 1075 Quaesitos.
409 991 521 1058 Terrae
535 992 588 1059 hic
602 993 753 1059 subducit
767 993 870 1060 fulcra
884 992 1022 1069 caducae,

192 1090 435 1178 Expressasque
449 1091 571 1157 animas
584 1091 699 1158 vicinis
712 1102 887 1178 congregat
900 1091 1031 1157 umbris.

195 1190 338 1277 Corpora
351 1191 535 1277 corporibus
550 1200 709 1277 quaerunt
757 1189 811 1258 sie
825 1191 947 1257 credita
963 1211 1048 1276 saepe
1061 1198 1111 1256 est

194 1286 321 1354 Emissa
335 1289 481 1354 amissam
494 1297 688 1354 monstrasse
702 1288 821 1375 sagitta
834 1289 995 1376 sagittam.

108 1388 172 1449 130
197 1388 289 1453 Ante
303 1387 400 1474 pedes
413 1410 515 1453 unum
530 1398 616 1454 terra
624 1388 711 1473 jacet
725 1409 800 1454 acce
814 1388 949 1454 cadaver

195 1485 378 1563 Effossum
400 1487 566 1570 nostrique
579 1496 690 1552 monet
703 1486 894 1552 meminisse.
941 1485 1097 1566 Cadaver,

196 1584 351 1663 Meroida,
366 1585 461 1663 iners,
475 1585 590 1672 putris,
605 1585 772 1671 nostrique
786 1586 947 1652 simillima
959 1610 1010 1653 res
1024 1598 1083 1655 est

197 1685 361 1762 Alterum,
376 1683 479 1751 adhuc
493 1694 615 1751 tectum
629 1684 755 1762 tellure,
775 1674 953 1772 resurgere‘
967 1708 1082 1773 corpus

197 1784 368 1870 Expectat
414 1784 512 1851 Sedet
526 1795 644 1872 egestae
658 1807 755 1871 super
768 1807 886 1872 aggere
901 1794 993 1851 terrae

199 1882 312 1950 Turba
324 1882 447 1970 supina,
462 1882 540 1949 locis
555 1893 736 1968 spectatum
751 1906 878 1970 egressa
891 1882 1100 1972 propinquis3

199 1982 431 2069 Plorantesque
444 1982 517 2048 duae
531 1982 691 2048 mulieres.
735 1981 854 2048 Altera
864 1992 956 2049 sueta

201 2080 329 2149 Gaudia
341 2080 542 2167 perdiderat3
565 2104 654 2168 spem
668 2080 816 2148 amiserat
832 2082 932 2148 altera
951 2080 1087 2149 dulcem.

202 2180 352 2247 Alterius
365 2180 524 2245 flammam
538 2179 654 2267 longus
668 2180 863 2246 restinxerat
876 2203 973 2259 usus3

203 2279 361 2358 Alterius,
376 2302 448 2366 spes
461 2279 662 2364 effiaenisque
676 2279 775 2347 libido
786 2281 905 2347 sciendi

116 2382 180 2442 140
203 2378 344 2445 Foverat
356 2379 530 2445 ardentem
574 2377 710 2445 Plorant
724 2388 869 2464 utraque
879 2378 1043 2445 maritum.

204 2477 267 2543 Illa
281 2477 412 2562 quidem
425 2478 527 2564 luget,
537 2477 629 2563 luget
641 2477 743 2564 magis
757 2477 858 2544 altera
870 2500 1031 2564 sponsum.

204 2577 414 2664 Deploranto.
456 2576 525 2642 Vra
538 2600 603 2663 qua
616 2586 756 2663 coeptum
770 2586 821 2642 est
834 2577 997 2664 pergimus
1010 2576 1067 2642 ire.

204 2677 282 2745 dam
296 2677 377 2763 pede
390 2676 478 2747 mille
493 2685 608 2762 quater
621 2698 732 2763 passus
746 2698 950 2743 numeramus
965 2675 1093 2760 equino.

205 2775 253 2842 Et
265 2775 362 2842 toties
376 2764 496 2842 socium
511 2775 622 2862 spatiis
636 2797 693 2861 pes
708 2774 845 2859 quilibet
857 2774 959 2860 aequis

206 2874 410 2952 Praeter-iens,
425 2883 544 2940 terram
557 2874 681 2940 alterno
695 2885 895 2960 percusserat
908 2872 988 2939 ictu.

207 2973 324 3041 Anteit
337 2975 451 3039 umbra
464 2973 570 3059 pedes,
584 2982 806 3058 monstratque
820 2971 1005 3039 brevissima
1018 2970 1094 3056 qua⁴
1112 2978 1179 3037 stat

207 3074 308 3140 Titan
322 3082 413 3160 parte
427 3072 503 3158 poli,
518 3082 552 3137 et
566 3094 663 3156 quam
677 3093 736 3137 nos
750 3081 930 3157 spectamus
945 3080 1066 3136 euntes

208 3173 404 3258 Linquimus
415 3170 544 3258 opidulo
557 3171 633 3237 hino
647 3182 745 3257 atque
760 3171 848 3238 illino
862 3171 1011 3257 plurima:
1028 3190 1166 3255 quorum

209 3271 413 3339 Postremum
426 3279 564 3347 tantum,
579 3269 724 3336 Romane
738 3269 853 3348 dicere,
869 3268 957 3356 Sposl
979 3277 1037 3336 est

123 3375 186 3437 150
211 3371 339 3439 Caetera
352 3392 416 3437 non
431 3369 566 3436 referam
580 3369 786 3456 impedientia
799 3369 930 3434 nomina
943 3391 1081 3436 versum.

210 3472 278 3539 Per
290 3472 360 3538 loca
372 3469 561 3537 transversis
574 3469 669 3556 longe
683 3469 812 3554 lateque
825 3467 943 3535 fodinis

211 3572 324 3648 Plena,
339 3570 470 3656 soloque
485 3591 572 3646 cavo,
588 3579 623 3636 et
636 3569 730 3656 pleno
744 3569 933 3636 mortalibus
947 3567 1047 3645 intus,

212 3670 418 3759 Ingredimur
431 3668 571 3755 superi⁶3
594 3668 699 3735 medio
714 3678 806 3735 tonat
820 3667 943 3755 ungula
957 3689 1069 3754 campo

248 3943 442 4014 'constringit
453 3950 485 3996 ut
496 3942 720 3997 distineanturlo·
752 3942 875 4014 projecta,
886 3942 983 4011 arguit,
994 3948 1020 3995 et
1037 3940 1117 3993 solem
1135 3939 1258 3993 meridia·

215 4045 268 4082 ιω
280 4028 369 4081 latera.
753 4041 827 4092 num,
838 4032 865 4078 et
877 4040 925 4077 nos
935 4023 969 4077 ad
982 4022 1140 4093 Aquilonem
1151 4039 1258 4076 conver·

249 4106 364 4171 ’Quam
390 4105 425 4160 ud
447 4124 526 4179 opera
552 4106 719 4162 damnaverat
753 4124 802 4160 sos.

216 4201 364 4265 paupertas.
786 4190 896 4260 'Hope

251 4276 261 4304 ⁸
274 4273 393 4328 Extruh‘a
789 4272 896 4343 ‘Supra
907 4272 993 4343 capita
1008 4271 1144 4344 agentium
1161 4271 1257 4326 subtus

253 4357 376 4414 ‘Umbra
392 4357 551 4426 brevissima,
562 4365 623 4412 ante
640 4356 719 4429 pedes
754 4360 781 4411 in
794 4354 932 4411 cuniculis.
