<?xml version="1.0" encoding="UTF-8"?>
<!DOCTYPE html PUBLIC "-//W3C//DTD XHTML 1.0 Transitional//EN"
    "http://www.w3.org/TR/xhtml1/DTD/xhtml1-transitional.dtd">
<html xmlns="http://www.w3.org/1999/xhtml" xml:lang="en" lang="en">
 <head>
  <title>
</title>
<meta http-equiv="Content-Type" content="text/html;charset=utf-8" />
  <meta name='ocr-system' content='tesseract 3.04.00' />
  <meta name='ocr-capabilities' content='ocr_page ocr_carea ocr_par ocr_line ocrx_word'/>
</head>
<body>
  <div class='ocr_page' id='page_1' title='image "./thomhobbesmalme06hobbgoog_0132.png"; bbox 0 0 2932 5054; ppageno 0'>
   <div class='ocr_carea' id='block_1_1' title="bbox 422 394 1153 465">
    <p class='ocr_par' dir='ltr' id='par_1_1' title="bbox 422 394 1153 465">
     <span class='ocr_line' id='line_1_1' title="bbox 422 394 1153 465; baseline -0.004 -2"><span class='ocrx_word' id='word_1_1' title='bbox 422 411 508 465; x_wconf 79' lang='lat' dir='ltr'><strong>nux</strong></span> <span class='ocrx_word' id='word_1_2' title='bbox 528 411 845 464; x_wconf 78' lang='grc' dir='ltr'>ιιιιιιιιιιιτιει.</span> <span class='ocrx_word' id='word_1_3' title='bbox 1083 394 1153 461; x_wconf 81' lang='lat'><strong>125</strong></span> 
     </span>
    </p>
   </div>
   <div class='ocr_carea' id='block_1_2' title="bbox 110 575 1367 4181">
    <p class='ocr_par' dir='ltr' id='par_1_2' title="bbox 110 575 1367 2242">
     <span class='ocr_line' id='line_1_2' title="bbox 161 575 1367 677; baseline -0.004 -24"><span class='ocrx_word' id='word_1_4' title='bbox 161 576 392 653; x_wconf 86' lang='lat' dir='ltr'><strong>Producatur</strong></span> <span class='ocrx_word' id='word_1_5' title='bbox 417 578 490 653; x_wconf 94' lang='lat' dir='ltr'><strong>DN</strong></span> <span class='ocrx_word' id='word_1_6' title='bbox 507 578 555 653; x_wconf 87' lang='lat' dir='ltr'><strong>ad</strong></span> <span class='ocrx_word' id='word_1_7' title='bbox 576 579 667 653; x_wconf 88' lang='lat' dir='ltr'><strong>BC</strong></span> <span class='ocrx_word' id='word_1_8' title='bbox 657 604 696 652; x_wconf 90' lang='lat' dir='ltr'><strong>m</strong></span> <span class='ocrx_word' id='word_1_9' title='bbox 713 604 757 677; x_wconf 84' lang='lat' dir='ltr'><strong>p</strong></span> <span class='ocrx_word' id='word_1_10' title='bbox 810 580 860 651; x_wconf 88' lang='lat' dir='ltr'><strong>Et</strong></span> <span class='ocrx_word' id='word_1_11' title='bbox 884 575 970 675; x_wconf 90' lang='lat' dir='ltr'><strong>quia</strong></span> <span class='ocrx_word' id='word_1_12' title='bbox 999 576 1155 673; x_wconf 88' lang='lat' dir='ltr'><strong>angulus</strong></span> <span class='ocrx_word' id='word_1_13' title='bbox 1168 598 1367 642; x_wconf 75' lang='lat' dir='ltr'><strong>conrnovur</strong></span> 
     </span>
     <span class='ocr_line' id='line_1_3' title="bbox 113 680 1341 791; baseline -0.005 -24"><span class='ocrx_word' id='word_1_14' title='bbox 113 693 206 791; x_wconf 79' lang='lat' dir='ltr'><strong>cop</strong></span> <span class='ocrx_word' id='word_1_15' title='bbox 219 704 275 766; x_wconf 90' lang='lat' dir='ltr'><strong>est</strong></span> <span class='ocrx_word' id='word_1_16' title='bbox 288 704 422 788; x_wconf 86' lang='lat' dir='ltr'><strong>quartu</strong></span> <span class='ocrx_word' id='word_1_17' title='bbox 434 716 519 790; x_wconf 88' lang='lat' dir='ltr'><strong>pars</strong></span> <span class='ocrx_word' id='word_1_18' title='bbox 534 693 639 782; x_wconf 86' lang='lat' dir='ltr'><strong>recti,</strong></span> <span class='ocrx_word' id='word_1_19' title='bbox 653 693 723 766; x_wconf 89' lang='lat' dir='ltr'><strong>erit</strong></span> <span class='ocrx_word' id='word_1_20' title='bbox 735 692 891 788; x_wconf 89' lang='lat' dir='ltr'><strong>angulus</strong></span> <span class='ocrx_word' id='word_1_21' title='bbox 904 690 1000 788; x_wconf 84' lang='lat' dir='ltr'><strong>ADp</strong></span> <span class='ocrx_word' id='word_1_22' title='bbox 1017 689 1341 785; x_wconf 30' lang='lat' dir='ltr'><strong>iuniusffl</strong></span> <span class='ocrx_word' id='word_1_23' title='bbox 1220 682 1268 721; x_wconf 66' lang='lat'><strong>⁸¹⁸</strong></span> <span class='ocrx_word' id='word_1_24' title='bbox 1283 680 1326 720; x_wconf 75' lang='lat'><strong>¹¹</strong></span> 
     </span>
     <span class='ocr_line' id='line_1_4' title="bbox 111 805 1156 904; baseline -0.006 -23"><span class='ocrx_word' id='word_1_25' title='bbox 111 807 229 891; x_wconf 86' lang='lat' dir='ltr'><strong>recti;</strong></span> <span class='ocrx_word' id='word_1_26' title='bbox 256 806 318 879; x_wconf 91' lang='lat' dir='ltr'><strong>cui</strong></span> <span class='ocrx_word' id='word_1_27' title='bbox 352 807 500 904; x_wconf 86' lang='lat' dir='ltr'><strong>aequalis</strong></span> <span class='ocrx_word' id='word_1_28' title='bbox 527 817 582 880; x_wconf 92' lang='lat' dir='ltr'><strong>est</strong></span> <span class='ocrx_word' id='word_1_29' title='bbox 600 807 761 880; x_wconf 86' lang='lat' dir='ltr'><strong>alternus</strong></span> <span class='ocrx_word' id='word_1_30' title='bbox 779 805 886 904; x_wconf 78' lang='lat' dir='ltr'><strong>Dpc</strong></span> <span class='ocrx_word' id='word_1_31' title='bbox 939 805 1035 877; x_wconf 84' lang='lat' dir='ltr'><strong>Sunt</strong></span> <span class='ocrx_word' id='word_1_32' title='bbox 1067 827 1156 900; x_wconf 89' lang='lat' dir='ltr'><strong>ergo</strong></span> 
     </span>
     <span class='ocr_line' id='line_1_5' title="bbox 111 915 1158 1017; baseline -0.005 -23"><span class='ocrx_word' id='word_1_33' title='bbox 111 919 186 994; x_wconf 89' lang='lat' dir='ltr'><strong>duo</strong></span> <span class='ocrx_word' id='word_1_34' title='bbox 200 919 326 1016; x_wconf 87' lang='lat' dir='ltr'><strong>anguli</strong></span> <span class='ocrx_word' id='word_1_35' title='bbox 342 920 452 1008; x_wconf 88' lang='lat' dir='ltr'><strong>PAD,</strong></span> <span class='ocrx_word' id='word_1_36' title='bbox 465 919 560 1017; x_wconf 83' lang='lat' dir='ltr'><strong>ADp</strong></span> <span class='ocrx_word' id='word_1_37' title='bbox 576 915 612 1012; x_wconf 53' lang='grc' dir='ltr'><strong><em>ᾖ</em></strong></span> <span class='ocrx_word' id='word_1_38' title='bbox 628 920 785 993; x_wconf 90' lang='lat' dir='ltr'><strong>duorum</strong></span> <span class='ocrx_word' id='word_1_39' title='bbox 798 930 998 993; x_wconf 89' lang='lat' dir='ltr'><strong>rectorum.</strong></span> <span class='ocrx_word' id='word_1_40' title='bbox 1035 916 1158 990; x_wconf 85' lang='lat' dir='ltr'><strong>Ducta</strong></span> 
     </span>
     <span class='ocr_line' id='line_1_6' title="bbox 111 1027 1159 1132; baseline -0.004 -26"><span class='ocrx_word' id='word_1_41' title='bbox 111 1056 201 1129; x_wconf 89' lang='lat' dir='ltr'><strong>ergo</strong></span> <span class='ocrx_word' id='word_1_42' title='bbox 219 1034 293 1132; x_wconf 83' lang='lat' dir='ltr'><strong>Ap,</strong></span> <span class='ocrx_word' id='word_1_43' title='bbox 312 1043 420 1105; x_wconf 87' lang='lat' dir='ltr'><strong>erunt</strong></span> <span class='ocrx_word' id='word_1_44' title='bbox 438 1056 566 1106; x_wconf 90' lang='lat' dir='ltr'><strong>omnes</strong></span> <span class='ocrx_word' id='word_1_45' title='bbox 583 1033 709 1130; x_wconf 91' lang='lat' dir='ltr'><strong>auguli</strong></span> <span class='ocrx_word' id='word_1_46' title='bbox 726 1031 900 1128; x_wconf 83' lang='lat' dir='ltr'>trianguli</span> <span class='ocrx_word' id='word_1_47' title='bbox 919 1031 1014 1128; x_wconf 79' lang='lat' dir='ltr'><strong>Apu</strong></span> <span class='ocrx_word' id='word_1_48' title='bbox 1028 1027 1159 1122; x_wconf 56' lang='lat' dir='ltr'><strong>{duo-</strong></span> 
     </span>
     <span class='ocr_line' id='line_1_7' title="bbox 110 1141 1159 1242; baseline -0.003 -24"><span class='ocrx_word' id='word_1_49' title='bbox 110 1169 194 1218; x_wconf 90' lang='lat' dir='ltr'><strong>rum</strong></span> <span class='ocrx_word' id='word_1_50' title='bbox 212 1156 410 1218; x_wconf 87' lang='lat' dir='ltr'><strong>rectorum.</strong></span> <span class='ocrx_word' id='word_1_51' title='bbox 463 1144 589 1221; x_wconf 78' lang='lat' dir='ltr'><strong>Quare</strong></span> <span class='ocrx_word' id='word_1_52' title='bbox 605 1145 761 1241; x_wconf 86' lang='lat' dir='ltr'><strong>angulus</strong></span> <span class='ocrx_word' id='word_1_53' title='bbox 775 1144 869 1242; x_wconf 76' lang='lat' dir='ltr'><strong>Apu</strong></span> <span class='ocrx_word' id='word_1_54' title='bbox 881 1157 939 1217; x_wconf 89' lang='lat' dir='ltr'><strong>est</strong></span> <span class='ocrx_word' id='word_1_55' title='bbox 951 1141 987 1236; x_wconf 54' lang='grc' dir='ltr'>ᾖ</span> <span class='ocrx_word' id='word_1_56' title='bbox 1000 1144 1159 1217; x_wconf 91' lang='lat' dir='ltr'><strong>duorum</strong></span> 
     </span>
     <span class='ocr_line' id='line_1_8' title="bbox 110 1254 1158 1355; baseline -0.002 -27"><span class='ocrx_word' id='word_1_57' title='bbox 110 1268 312 1344; x_wconf 88' lang='lat' dir='ltr'><strong>rectorum,</strong></span> <span class='ocrx_word' id='word_1_58' title='bbox 332 1280 487 1352; x_wconf 82' lang='lat' dir='ltr'><strong>quoium</strong></span> <span class='ocrx_word' id='word_1_59' title='bbox 505 1256 662 1353; x_wconf 88' lang='lat' dir='ltr'><strong>angulus</strong></span> <span class='ocrx_word' id='word_1_60' title='bbox 673 1255 774 1355; x_wconf 78' lang='lat' dir='ltr'><strong>pDo</strong></span> <span class='ocrx_word' id='word_1_61' title='bbox 792 1268 848 1329; x_wconf 90' lang='grc' dir='ltr'><strong>εει</strong></span> <span class='ocrx_word' id='word_1_62' title='bbox 866 1257 914 1330; x_wconf 78' lang='lat'><strong>9*</strong></span> <span class='ocrx_word' id='word_1_63' title='bbox 927 1257 1035 1330; x_wconf 88' lang='lat' dir='ltr'><strong>unius</strong></span> <span class='ocrx_word' id='word_1_64' title='bbox 1053 1254 1158 1343; x_wconf 82' lang='lat' dir='ltr'><strong>recti,</strong></span> 
     </span>
     <span class='ocr_line' id='line_1_9' title="bbox 112 1367 1159 1467; baseline -0.002 -23"><span class='ocrx_word' id='word_1_65' title='bbox 112 1383 153 1444; x_wconf 89' lang='grc' dir='ltr'><strong>ει</strong></span> <span class='ocrx_word' id='word_1_66' title='bbox 176 1367 321 1460; x_wconf 63' lang='lat' dir='ltr'>DRP}</span> <span class='ocrx_word' id='word_1_67' title='bbox 337 1369 446 1442; x_wconf 92' lang='lat' dir='ltr'><strong>unius</strong></span> <span class='ocrx_word' id='word_1_68' title='bbox 473 1369 590 1443; x_wconf 89' lang='lat' dir='ltr'><strong>recti:</strong></span> <span class='ocrx_word' id='word_1_69' title='bbox 618 1379 655 1443; x_wconf 90' lang='grc' dir='ltr'><strong>ει</strong></span> <span class='ocrx_word' id='word_1_70' title='bbox 682 1370 763 1441; x_wconf 80' lang='lat' dir='ltr'><strong>dum</strong></span> <span class='ocrx_word' id='word_1_71' title='bbox 787 1381 899 1443; x_wconf 85' lang='lat' dir='ltr'><strong>rectae</strong></span> <span class='ocrx_word' id='word_1_72' title='bbox 926 1370 987 1467; x_wconf 83' lang='lat' dir='ltr'><strong>Dp</strong></span> <span class='ocrx_word' id='word_1_73' title='bbox 1016 1380 1056 1442; x_wconf 91' lang='lat' dir='ltr'><strong>et</strong></span> <span class='ocrx_word' id='word_1_74' title='bbox 1083 1370 1159 1457; x_wconf 79' lang='lat' dir='ltr'><strong>Rp,</strong></span> 
     </span>
     <span class='ocr_line' id='line_1_10' title="bbox 112 1481 1161 1580; baseline 0 -25"><span class='ocrx_word' id='word_1_75' title='bbox 112 1481 203 1556; x_wconf 88' lang='lat' dir='ltr'><strong>item</strong></span> <span class='ocrx_word' id='word_1_76' title='bbox 222 1483 285 1580; x_wconf 84' lang='lat' dir='ltr'><strong>Dp</strong></span> <span class='ocrx_word' id='word_1_77' title='bbox 311 1493 347 1556; x_wconf 91' lang='lat' dir='ltr'><strong>et</strong></span> <span class='ocrx_word' id='word_1_78' title='bbox 367 1483 429 1555; x_wconf 91' lang='grc' dir='ltr'><strong>ΑΡ</strong></span> <span class='ocrx_word' id='word_1_79' title='bbox 456 1493 720 1556; x_wconf 83' lang='lat' dir='ltr'><strong>concurrentes</strong></span> <span class='ocrx_word' id='word_1_80' title='bbox 749 1483 881 1555; x_wconf 86' lang='lat' dir='ltr'><strong>alicubi</strong></span> <span class='ocrx_word' id='word_1_81' title='bbox 911 1482 1048 1556; x_wconf 88' lang='lat' dir='ltr'><strong>facient</strong></span> <span class='ocrx_word' id='word_1_82' title='bbox 1075 1506 1161 1556; x_wconf 91' lang='lat' dir='ltr'><strong>cum</strong></span> 
     </span>
     <span class='ocr_line' id='line_1_11' title="bbox 113 1589 1160 1692; baseline -0.001 -23"><span class='ocrx_word' id='word_1_83' title='bbox 113 1596 293 1669; x_wconf 89' lang='lat' dir='ltr'><strong>ambabus</strong></span> <span class='ocrx_word' id='word_1_84' title='bbox 310 1596 485 1691; x_wconf 83' lang='lat' dir='ltr'>angulum</span> <span class='ocrx_word' id='word_1_85' title='bbox 500 1589 530 1688; x_wconf 59' lang='grc' dir='ltr'><strong>ὲ</strong></span> <span class='ocrx_word' id='word_1_86' title='bbox 548 1597 656 1669; x_wconf 83' lang='grc' dir='ltr'>ιιιιὶιιε</span> <span class='ocrx_word' id='word_1_87' title='bbox 673 1595 777 1669; x_wconf 86' lang='lat' dir='ltr'><strong>recti.</strong></span> <span class='ocrx_word' id='word_1_88' title='bbox 818 1595 863 1670; x_wconf 90' lang='lat' dir='ltr'><strong>ld</strong></span> <span class='ocrx_word' id='word_1_89' title='bbox 876 1595 975 1692; x_wconf 92' lang='lat' dir='ltr'><strong>quod</strong></span> <span class='ocrx_word' id='word_1_90' title='bbox 993 1595 1072 1668; x_wconf 90' lang='lat' dir='ltr'><strong>fieri</strong></span> <span class='ocrx_word' id='word_1_91' title='bbox 1086 1619 1160 1668; x_wconf 91' lang='lat' dir='ltr'><strong>non</strong></span> 
     </span>
     <span class='ocr_line' id='line_1_12' title="bbox 112 1703 1162 1806; baseline -0.002 -24"><span class='ocrx_word' id='word_1_92' title='bbox 112 1720 250 1806; x_wconf 86' lang='lat' dir='ltr'><strong>potest,</strong></span> <span class='ocrx_word' id='word_1_93' title='bbox 268 1709 338 1782; x_wconf 86' lang='lat' dir='ltr'><strong>nisi</strong></span> <span class='ocrx_word' id='word_1_94' title='bbox 356 1703 579 1783; x_wconf 77' lang='lat' dir='ltr'><strong>concurrant</strong></span> <span class='ocrx_word' id='word_1_95' title='bbox 596 1709 633 1783; x_wconf 93' lang='lat' dir='ltr'><strong>in</strong></span> <span class='ocrx_word' id='word_1_96' title='bbox 648 1720 788 1806; x_wconf 87' lang='lat' dir='ltr'><strong>puncto</strong></span> <span class='ocrx_word' id='word_1_97' title='bbox 801 1709 842 1797; x_wconf 91' lang='lat' dir='ltr'><strong>P,</strong></span> <span class='ocrx_word' id='word_1_98' title='bbox 857 1709 919 1782; x_wconf 92' lang='lat' dir='ltr'><strong>ubi</strong></span> <span class='ocrx_word' id='word_1_99' title='bbox 938 1719 1162 1782; x_wconf 89' lang='lat' dir='ltr'><strong>concurrunt</strong></span> 
     </span>
     <span class='ocr_line' id='line_1_13' title="bbox 114 1821 1161 1918; baseline -0.001 -24"><span class='ocrx_word' id='word_1_100' title='bbox 114 1821 206 1918; x_wconf 86' lang='lat' dir='ltr'><strong>ipsae</strong></span> <span class='ocrx_word' id='word_1_101' title='bbox 232 1821 306 1911; x_wconf 84' lang='grc' dir='ltr'><strong>ΑΡ,</strong></span> <span class='ocrx_word' id='word_1_102' title='bbox 329 1822 403 1895; x_wconf 88' lang='lat' dir='ltr'><strong>RP.</strong></span> <span class='ocrx_word' id='word_1_103' title='bbox 454 1822 638 1896; x_wconf 87' lang='lat' dir='ltr'><strong>Producta</strong></span> <span class='ocrx_word' id='word_1_104' title='bbox 667 1846 756 1918; x_wconf 90' lang='lat' dir='ltr'><strong>ergo</strong></span> <span class='ocrx_word' id='word_1_105' title='bbox 785 1821 857 1895; x_wconf 92' lang='lat' dir='ltr'><strong>DN</strong></span> <span class='ocrx_word' id='word_1_106' title='bbox 887 1821 1026 1894; x_wconf 89' lang='lat' dir='ltr'><strong>incidet</strong></span> <span class='ocrx_word' id='word_1_107' title='bbox 1051 1821 1091 1894; x_wconf 90' lang='lat' dir='ltr'><strong>in</strong></span> <span class='ocrx_word' id='word_1_108' title='bbox 1120 1822 1161 1909; x_wconf 93' lang='lat' dir='ltr'>P</span> 
     </span>
     <span class='ocr_line' id='line_1_14' title="bbox 114 1934 1162 2032; baseline -0.002 -24"><span class='ocrx_word' id='word_1_109' title='bbox 114 1946 297 2032; x_wconf 88' lang='lat' dir='ltr'><strong>eruntque</strong></span> <span class='ocrx_word' id='word_1_110' title='bbox 311 1934 388 2007; x_wconf 87' lang='lat' dir='ltr'><strong>Pet</strong></span> <span class='ocrx_word' id='word_1_111' title='bbox 399 1958 431 2031; x_wconf 82' lang='lat' dir='ltr'><strong>p</strong></span> <span class='ocrx_word' id='word_1_112' title='bbox 449 1935 548 2008; x_wconf 90' lang='lat' dir='ltr'><strong>idem</strong></span> <span class='ocrx_word' id='word_1_113' title='bbox 565 1947 768 2031; x_wconf 91' lang='lat' dir='ltr'><strong>punctum:</strong></span> <span class='ocrx_word' id='word_1_114' title='bbox 787 1945 825 2007; x_wconf 89' lang='grc' dir='ltr'><strong>ει</strong></span> <span class='ocrx_word' id='word_1_115' title='bbox 837 1934 994 2031; x_wconf 88' lang='lat' dir='ltr'><strong>proinde</strong></span> <span class='ocrx_word' id='word_1_116' title='bbox 1006 1934 1162 2030; x_wconf 87' lang='lat' dir='ltr'><strong>angulus</strong></span> 
     </span>
     <span class='ocr_line' id='line_1_15' title="bbox 114 2043 1162 2141; baseline 0.003 -20"><span class='ocrx_word' id='word_1_117' title='bbox 114 2048 215 2122; x_wconf 82' lang='lat' dir='ltr'><strong>APD</strong></span> <span class='ocrx_word' id='word_1_118' title='bbox 232 2044 345 2139; x_wconf 60' lang='lat' dir='ltr'><strong>est}</strong></span> <span class='ocrx_word' id='word_1_119' title='bbox 313 2048 513 2121; x_wconf 85' lang='lat' dir='ltr'><strong>-duorum</strong></span> <span class='ocrx_word' id='word_1_120' title='bbox 530 2061 729 2140; x_wconf 89' lang='lat' dir='ltr'><strong>rectorum,</strong></span> <span class='ocrx_word' id='word_1_121' title='bbox 752 2048 790 2123; x_wconf 89' lang='lat' dir='ltr'><strong>id</strong></span> <span class='ocrx_word' id='word_1_122' title='bbox 809 2043 918 2141; x_wconf 63' lang='lat' dir='ltr'><strong>est}</strong></span> <span class='ocrx_word' id='word_1_123' title='bbox 934 2048 1041 2121; x_wconf 89' lang='lat' dir='ltr'><strong>unius</strong></span> <span class='ocrx_word' id='word_1_124' title='bbox 1058 2051 1162 2124; x_wconf 88' lang='lat' dir='ltr'><strong>recti.</strong></span> 
     </span>
     <span class='ocr_line' id='line_1_16' title="bbox 115 2159 685 2242; baseline 0 -8"><span class='ocrx_word' id='word_1_125' title='bbox 115 2159 230 2242; x_wconf 86' lang='lat' dir='ltr'><strong>Quod</strong></span> <span class='ocrx_word' id='word_1_126' title='bbox 248 2172 329 2234; x_wconf 85' lang='lat' dir='ltr'><strong>erat</strong></span> <span class='ocrx_word' id='word_1_127' title='bbox 345 2160 685 2236; x_wconf 87' lang='lat' dir='ltr'><strong>demonstrandum.</strong></span> 
     </span>
    </p>

    <p class='ocr_par' dir='ltr' id='par_1_3' title="bbox 115 2267 1167 3040">
     <span class='ocr_line' id='line_1_17' title="bbox 171 2267 1163 2371; baseline 0 -25"><span class='ocrx_word' id='word_1_128' title='bbox 171 2272 257 2346; x_wconf 86' lang='lat' dir='ltr'><strong>Cor.</strong></span> <span class='ocrx_word' id='word_1_129' title='bbox 285 2273 524 2347; x_wconf 73' lang='lat' dir='ltr'><strong>Manifestum</strong></span> <span class='ocrx_word' id='word_1_130' title='bbox 541 2299 630 2371; x_wconf 90' lang='lat' dir='ltr'><strong>ergo</strong></span> <span class='ocrx_word' id='word_1_131' title='bbox 648 2286 716 2364; x_wconf 90' lang='lat' dir='ltr'><strong>est,</strong></span> <span class='ocrx_word' id='word_1_132' title='bbox 735 2267 866 2370; x_wconf 90' lang='lat' dir='ltr'><strong>primo,</strong></span> <span class='ocrx_word' id='word_1_133' title='bbox 884 2273 984 2371; x_wconf 91' lang='lat' dir='ltr'><strong>quod</strong></span> <span class='ocrx_word' id='word_1_134' title='bbox 1001 2273 1063 2347; x_wconf 88' lang='lat' dir='ltr'><strong>BP</strong></span> <span class='ocrx_word' id='word_1_135' title='bbox 1080 2285 1163 2346; x_wconf 89' lang='lat' dir='ltr'><strong>tau·</strong></span> 
     </span>
     <span class='ocr_line' id='line_1_18' title="bbox 115 2385 1163 2485; baseline 0.001 -26"><span class='ocrx_word' id='word_1_136' title='bbox 115 2409 211 2484; x_wconf 85' lang='lat' dir='ltr'><strong>gens</strong></span> <span class='ocrx_word' id='word_1_137' title='bbox 226 2395 274 2462; x_wconf 86' lang='lat'><strong>30</strong></span> <span class='ocrx_word' id='word_1_138' title='bbox 287 2385 481 2484; x_wconf 87' lang='lat' dir='ltr'><strong>graduum,</strong></span> <span class='ocrx_word' id='word_1_139' title='bbox 495 2400 684 2484; x_wconf 85' lang='lat' dir='ltr'><strong>assumpta</strong></span> <span class='ocrx_word' id='word_1_140' title='bbox 696 2399 871 2485; x_wconf 85' lang='lat' dir='ltr'><strong>tangente</strong></span> <span class='ocrx_word' id='word_1_141' title='bbox 884 2386 1067 2484; x_wconf 88' lang='lat' dir='ltr'><strong>graduum</strong></span> <span class='ocrx_word' id='word_1_142' title='bbox 1080 2395 1163 2476; x_wconf 67' lang='lat'><strong>2223,</strong></span> 
     </span>
     <span class='ocr_line' id='line_1_19' title="bbox 117 2499 1163 2597; baseline -0.001 -23"><span class='ocrx_word' id='word_1_143' title='bbox 117 2511 287 2596; x_wconf 86' lang='lat' dir='ltr'><strong>aequatur</strong></span> <span class='ocrx_word' id='word_1_144' title='bbox 303 2499 410 2573; x_wconf 88' lang='lat' dir='ltr'><strong>lateri</strong></span> <span class='ocrx_word' id='word_1_145' title='bbox 422 2499 499 2573; x_wconf 88' lang='lat' dir='ltr'><strong>BC.</strong></span> <span class='ocrx_word' id='word_1_146' title='bbox 554 2500 734 2594; x_wconf 88' lang='lat' dir='ltr'><strong>Secundo,</strong></span> <span class='ocrx_word' id='word_1_147' title='bbox 750 2501 848 2597; x_wconf 92' lang='lat' dir='ltr'><strong>quod</strong></span> <span class='ocrx_word' id='word_1_148' title='bbox 863 2501 937 2591; x_wconf 90' lang='lat' dir='ltr'><strong>CY,</strong></span> <span class='ocrx_word' id='word_1_149' title='bbox 951 2500 989 2574; x_wconf 92' lang='lat' dir='ltr'><strong>id</strong></span> <span class='ocrx_word' id='word_1_150' title='bbox 1007 2512 1063 2574; x_wconf 92' lang='grc' dir='ltr'><strong>εει</strong></span> <span class='ocrx_word' id='word_1_151' title='bbox 1082 2501 1163 2589; x_wconf 88' lang='grc' dir='ltr'><strong>ΝΥ,</strong></span> 
     </span>
     <span class='ocr_line' id='line_1_20' title="bbox 117 2612 1164 2710; baseline -0.001 -23"><span class='ocrx_word' id='word_1_152' title='bbox 117 2612 234 2687; x_wconf 89' lang='lat' dir='ltr'><strong>idest</strong></span> <span class='ocrx_word' id='word_1_153' title='bbox 252 2612 327 2702; x_wconf 90' lang='lat' dir='ltr'><strong>GS,</strong></span> <span class='ocrx_word' id='word_1_154' title='bbox 346 2636 479 2710; x_wconf 87' lang='lat' dir='ltr'><strong>nempe</strong></span> <span class='ocrx_word' id='word_1_155' title='bbox 497 2612 704 2687; x_wconf 85' lang='lat' dir='ltr'><strong>differentia</strong></span> <span class='ocrx_word' id='word_1_156' title='bbox 721 2614 817 2687; x_wconf 92' lang='lat' dir='ltr'><strong>iuter</strong></span> <span class='ocrx_word' id='word_1_157' title='bbox 834 2614 929 2687; x_wconf 89' lang='lat' dir='ltr'><strong>latus</strong></span> <span class='ocrx_word' id='word_1_158' title='bbox 948 2614 1012 2687; x_wconf 84' lang='lat' dir='ltr'><strong>AB</strong></span> <span class='ocrx_word' id='word_1_159' title='bbox 1031 2626 1070 2687; x_wconf 90' lang='lat' dir='ltr'><strong>et</strong></span> <span class='ocrx_word' id='word_1_160' title='bbox 1087 2614 1164 2702; x_wconf 77' lang='lat' dir='ltr'><strong>AL,</strong></span> 
     </span>
     <span class='ocr_line' id='line_1_21' title="bbox 119 2725 1166 2824; baseline 0 -25"><span class='ocrx_word' id='word_1_161' title='bbox 119 2726 197 2799; x_wconf 91' lang='lat' dir='ltr'><strong>sive</strong></span> <span class='ocrx_word' id='word_1_162' title='bbox 223 2725 547 2822; x_wconf 87' lang='lat' dir='ltr'><strong>semidiagonalem</strong></span> <span class='ocrx_word' id='word_1_163' title='bbox 564 2725 631 2814; x_wconf 90' lang='grc' dir='ltr'><strong>ΑΙ,</strong></span> <span class='ocrx_word' id='word_1_164' title='bbox 650 2726 798 2824; x_wconf 87' lang='lat' dir='ltr'><strong>aequalis</strong></span> <span class='ocrx_word' id='word_1_165' title='bbox 826 2726 874 2800; x_wconf 88' lang='lat' dir='ltr'><strong>sit</strong></span> <span class='ocrx_word' id='word_1_166' title='bbox 897 2727 1059 2801; x_wconf 86' lang='lat' dir='ltr'><strong>dimidiae</strong></span> <span class='ocrx_word' id='word_1_167' title='bbox 1082 2740 1166 2800; x_wconf 85' lang='lat' dir='ltr'><strong>tan-</strong></span> 
     </span>
     <span class='ocr_line' id='line_1_22' title="bbox 118 2838 1167 2937; baseline 0 -25"><span class='ocrx_word' id='word_1_168' title='bbox 118 2839 223 2937; x_wconf 87' lang='lat' dir='ltr'><strong>genti</strong></span> <span class='ocrx_word' id='word_1_169' title='bbox 244 2838 323 2912; x_wconf 89' lang='lat' dir='ltr'><strong>BP:</strong></span> <span class='ocrx_word' id='word_1_170' title='bbox 349 2850 387 2913; x_wconf 91' lang='lat' dir='ltr'><strong>et</strong></span> <span class='ocrx_word' id='word_1_171' title='bbox 405 2841 478 2913; x_wconf 92' lang='lat' dir='ltr'><strong>HY</strong></span> <span class='ocrx_word' id='word_1_172' title='bbox 493 2840 644 2937; x_wconf 83' lang='lat' dir='ltr'><strong>aequalis</strong></span> <span class='ocrx_word' id='word_1_173' title='bbox 662 2841 727 2930; x_wconf 83' lang='lat' dir='ltr'><strong>Pu,</strong></span> <span class='ocrx_word' id='word_1_174' title='bbox 756 2839 917 2914; x_wconf 88' lang='lat' dir='ltr'><strong>dimidiae</strong></span> <span class='ocrx_word' id='word_1_175' title='bbox 935 2841 993 2914; x_wconf 90' lang='lat' dir='ltr'><strong>PC</strong></span> <span class='ocrx_word' id='word_1_176' title='bbox 1012 2853 1167 2937; x_wconf 86' lang='lat' dir='ltr'><strong>tangen-</strong></span> 
     </span>
     <span class='ocr_line' id='line_1_23' title="bbox 117 2953 1165 3040; baseline 0.005 -12"><span class='ocrx_word' id='word_1_177' title='bbox 117 2953 168 3028; x_wconf 90' lang='lat' dir='ltr'><strong>tis</strong></span> <span class='ocrx_word' id='word_1_178' title='bbox 185 2957 270 3040; x_wconf 60' lang='lat'><strong>223.</strong></span> <span class='ocrx_word' id='word_1_179' title='bbox 1162 3020 1165 3033; x_wconf 92' lang='lat'><em>.</em></span> 
     </span>
    </p>

    <p class='ocr_par' dir='ltr' id='par_1_4' title="bbox 118 3063 1169 3821">
     <span class='ocr_line' id='line_1_24' title="bbox 171 3063 1166 3162; baseline 0.002 -24"><span class='ocrx_word' id='word_1_180' title='bbox 171 3065 314 3139; x_wconf 84' lang='lat' dir='ltr'><strong>Contra</strong></span> <span class='ocrx_word' id='word_1_181' title='bbox 343 3063 423 3140; x_wconf 80' lang='lat' dir='ltr'><strong>haec</strong></span> <span class='ocrx_word' id='word_1_182' title='bbox 455 3066 583 3162; x_wconf 89' lang='lat' dir='ltr'><strong>objicit</strong></span> <span class='ocrx_word' id='word_1_183' title='bbox 612 3089 738 3139; x_wconf 88' lang='lat' dir='ltr'><strong>rursus</strong></span> <span class='ocrx_word' id='word_1_184' title='bbox 755 3065 955 3155; x_wconf 78' lang='lat' dir='ltr'><strong>WallisiuS,</strong></span> <span class='ocrx_word' id='word_1_185' title='bbox 981 3065 1116 3162; x_wconf 88' lang='lat' dir='ltr'><strong>partim</strong></span> <span class='ocrx_word' id='word_1_186' title='bbox 1143 3089 1166 3140; x_wconf 87' lang='lat' dir='ltr'><strong>a</strong></span> 
     </span>
     <span class='ocr_line' id='line_1_25' title="bbox 119 3178 1168 3274; baseline -0.002 -20"><span class='ocrx_word' id='word_1_187' title='bbox 119 3178 309 3254; x_wconf 83' lang='lat' dir='ltr'><strong>radicibus</strong></span> <span class='ocrx_word' id='word_1_188' title='bbox 325 3180 573 3253; x_wconf 84' lang='lat' dir='ltr'><strong>numeralibus</strong></span> <span class='ocrx_word' id='word_1_189' title='bbox 597 3180 692 3251; x_wconf 84' lang='lat' dir='ltr'><strong>suis:</strong></span> <span class='ocrx_word' id='word_1_190' title='bbox 719 3178 855 3274; x_wconf 90' lang='lat' dir='ltr'><strong>partim</strong></span> <span class='ocrx_word' id='word_1_191' title='bbox 873 3204 919 3253; x_wconf 84' lang='lat' dir='ltr'><strong>ex</strong></span> <span class='ocrx_word' id='word_1_192' title='bbox 936 3179 1070 3252; x_wconf 87' lang='lat' dir='ltr'><strong>tabuiis</strong></span> <span class='ocrx_word' id='word_1_193' title='bbox 1084 3190 1168 3252; x_wconf 90' lang='lat' dir='ltr'><strong>tan-</strong></span> 
     </span>
     <span class='ocr_line' id='line_1_26' title="bbox 118 3290 1168 3390; baseline 0 -25"><span class='ocrx_word' id='word_1_194' title='bbox 118 3291 302 3390; x_wconf 86' lang='lat' dir='ltr'><strong>gentium,</strong></span> <span class='ocrx_word' id='word_1_195' title='bbox 316 3316 406 3389; x_wconf 89' lang='lat' dir='ltr'><strong>quas</strong></span> <span class='ocrx_word' id='word_1_196' title='bbox 421 3292 563 3366; x_wconf 85' lang='lat' dir='ltr'><strong>tabulas</strong></span> <span class='ocrx_word' id='word_1_197' title='bbox 581 3291 704 3364; x_wconf 88' lang='lat' dir='ltr'><strong>sciunt</strong></span> <span class='ocrx_word' id='word_1_198' title='bbox 717 3290 965 3366; x_wconf 88' lang='lat' dir='ltr'><strong>mathematici</strong></span> <span class='ocrx_word' id='word_1_199' title='bbox 980 3291 1168 3365; x_wconf 87' lang='lat' dir='ltr'><strong>confectas</strong></span> 
     </span>
     <span class='ocr_line' id='line_1_27' title="bbox 120 3404 1169 3502; baseline -0.003 -22"><span class='ocrx_word' id='word_1_200' title='bbox 120 3429 202 3480; x_wconf 89' lang='lat' dir='ltr'><strong>esse</strong></span> <span class='ocrx_word' id='word_1_201' title='bbox 231 3427 299 3502; x_wconf 89' lang='lat' dir='ltr'><strong>per</strong></span> <span class='ocrx_word' id='word_1_202' title='bbox 327 3405 493 3479; x_wconf 88' lang='lat' dir='ltr'><strong>radicum</strong></span> <span class='ocrx_word' id='word_1_203' title='bbox 517 3404 775 3478; x_wconf 86' lang='lat' dir='ltr'><strong>extractiones.</strong></span> <span class='ocrx_word' id='word_1_204' title='bbox 828 3405 924 3478; x_wconf 88' lang='lat' dir='ltr'><strong>Sunt</strong></span> <span class='ocrx_word' id='word_1_205' title='bbox 941 3428 1042 3501; x_wconf 89' lang='lat' dir='ltr'><strong>ergo,</strong></span> <span class='ocrx_word' id='word_1_206' title='bbox 1059 3416 1103 3477; x_wconf 90' lang='lat' dir='ltr'><strong>ut</strong></span> <span class='ocrx_word' id='word_1_207' title='bbox 1119 3405 1169 3491; x_wconf 86' lang='lat' dir='ltr'><strong>ad</strong></span> 
     </span>
     <span class='ocr_line' id='line_1_28' title="bbox 124 3517 1169 3607; baseline -0.002 -15"><span class='ocrx_word' id='word_1_208' title='bbox 124 3518 429 3592; x_wconf 78' lang='lat' dir='ltr'><strong>Controversiam</strong></span> <span class='ocrx_word' id='word_1_209' title='bbox 447 3519 483 3591; x_wconf 92' lang='lat' dir='ltr'><strong>iv</strong></span> <span class='ocrx_word' id='word_1_210' title='bbox 500 3531 685 3592; x_wconf 91' lang='lat' dir='ltr'><strong>ostensum</strong></span> <span class='ocrx_word' id='word_1_211' title='bbox 704 3530 772 3607; x_wconf 87' lang='lat' dir='ltr'><strong>est,</strong></span> <span class='ocrx_word' id='word_1_212' title='bbox 793 3517 908 3606; x_wconf 87' lang='lat' dir='ltr'><strong>falsae,</strong></span> <span class='ocrx_word' id='word_1_213' title='bbox 922 3528 959 3591; x_wconf 93' lang='lat' dir='ltr'><strong>et</strong></span> <span class='ocrx_word' id='word_1_214' title='bbox 977 3542 1000 3591; x_wconf 92' lang='lat' dir='ltr'><strong>a</strong></span> <span class='ocrx_word' id='word_1_215' title='bbox 1017 3517 1169 3592; x_wconf 89' lang='lat' dir='ltr'><strong>demon·</strong></span> 
     </span>
     <span class='ocr_line' id='line_1_29' title="bbox 120 3630 1169 3730; baseline -0.005 -22"><span class='ocrx_word' id='word_1_216' title='bbox 120 3632 361 3708; x_wconf 86' lang='lat' dir='ltr'><strong>strationibos</strong></span> <span class='ocrx_word' id='word_1_217' title='bbox 388 3632 683 3730; x_wconf 90' lang='lat' dir='ltr'><strong>propositionum</strong></span> <span class='ocrx_word' id='word_1_218' title='bbox 709 3631 1017 3728; x_wconf 82' lang='lat' dir='ltr'><strong>geometricorum</strong></span> <span class='ocrx_word' id='word_1_219' title='bbox 1044 3630 1169 3705; x_wconf 83' lang='lat' dir='ltr'><strong>exclu-</strong></span> 
     </span>
     <span class='ocr_line' id='line_1_30' title="bbox 121 3744 267 3821; baseline -0.021 0"><span class='ocrx_word' id='word_1_220' title='bbox 121 3744 267 3821; x_wconf 82' lang='lat' dir='ltr'><strong>dendae.</strong></span> 
     </span>
    </p>

    <p class='ocr_par' dir='ltr' id='par_1_5' title="bbox 121 3857 1171 4181">
     <span class='ocr_line' id='line_1_31' title="bbox 174 3857 1171 3954; baseline 0.003 -22"><span class='ocrx_word' id='word_1_221' title='bbox 174 3859 315 3954; x_wconf 90' lang='lat' dir='ltr'><strong>Objicit</strong></span> <span class='ocrx_word' id='word_1_222' title='bbox 331 3872 524 3954; x_wconf 71' lang='lat' dir='ltr'><strong>praterea,</strong></span> <span class='ocrx_word' id='word_1_223' title='bbox 539 3881 724 3931; x_wconf 85' lang='lat' dir='ltr'><strong>assumere</strong></span> <span class='ocrx_word' id='word_1_224' title='bbox 743 3857 971 3931; x_wconf 88' lang='lat' dir='ltr'><strong>Hobbesium</strong></span> <span class='ocrx_word' id='word_1_225' title='bbox 989 3858 1068 3931; x_wconf 91' lang='lat' dir='ltr'><strong>sine</strong></span> <span class='ocrx_word' id='word_1_226' title='bbox 1084 3881 1171 3953; x_wconf 89' lang='lat' dir='ltr'><strong>pro·.</strong></span> 
     </span>
     <span class='ocr_line' id='line_1_32' title="bbox 121 3970 1170 4067; baseline -0.003 -21"><span class='ocrx_word' id='word_1_227' title='bbox 121 3971 274 4046; x_wconf 88' lang='lat' dir='ltr'><strong>batione</strong></span> <span class='ocrx_word' id='word_1_228' title='bbox 292 3981 430 4044; x_wconf 87' lang='lat' dir='ltr'><strong>rectam</strong></span> <span class='ocrx_word' id='word_1_229' title='bbox 445 3972 505 4044; x_wconf 94' lang='lat' dir='ltr'><strong>BP</strong></span> <span class='ocrx_word' id='word_1_230' title='bbox 519 3972 667 4067; x_wconf 88' lang='lat' dir='ltr'><strong>duplam</strong></span> <span class='ocrx_word' id='word_1_231' title='bbox 686 3994 762 4043; x_wconf 87' lang='lat' dir='ltr'><strong>esse</strong></span> <span class='ocrx_word' id='word_1_232' title='bbox 782 3970 844 4043; x_wconf 82' lang='lat'><strong>00</strong></span> <span class='ocrx_word' id='word_1_233' title='bbox 859 3971 935 4066; x_wconf 91' lang='lat' dir='ltr'><strong>(fig.</strong></span> <span class='ocrx_word' id='word_1_234' title='bbox 952 3971 990 4042; x_wconf 86' lang='lat' dir='ltr'><strong>xi</strong></span> <span class='ocrx_word' id='word_1_235' title='bbox 1004 3970 1170 4063; x_wconf 82' lang='lat' dir='ltr'><strong>Roaeti),</strong></span> 
     </span>
     <span class='ocr_line' id='line_1_33' title="bbox 122 4083 1170 4181; baseline -0.003 -22"><span class='ocrx_word' id='word_1_236' title='bbox 122 4085 162 4160; x_wconf 92' lang='lat' dir='ltr'><strong>id</strong></span> <span class='ocrx_word' id='word_1_237' title='bbox 180 4098 248 4177; x_wconf 87' lang='grc' dir='ltr'>εει,</span> <span class='ocrx_word' id='word_1_238' title='bbox 267 4084 418 4181; x_wconf 89' lang='lat' dir='ltr'><strong>duplam</strong></span> <span class='ocrx_word' id='word_1_239' title='bbox 436 4083 682 4158; x_wconf 86' lang='lat' dir='ltr'><strong>differentiam</strong></span> <span class='ocrx_word' id='word_1_240' title='bbox 699 4084 796 4157; x_wconf 89' lang='lat' dir='ltr'><strong>inter</strong></span> <span class='ocrx_word' id='word_1_241' title='bbox 813 4084 909 4157; x_wconf 90' lang='lat' dir='ltr'><strong>latus</strong></span> <span class='ocrx_word' id='word_1_242' title='bbox 926 4083 993 4156; x_wconf 84' lang='lat' dir='ltr'><strong>Dc</strong></span> <span class='ocrx_word' id='word_1_243' title='bbox 1010 4096 1047 4158; x_wconf 89' lang='lat' dir='ltr'><strong>et</strong></span> <span class='ocrx_word' id='word_1_244' title='bbox 1064 4083 1170 4159; x_wconf 87' lang='lat' dir='ltr'><strong>semi·</strong></span> 
     </span>
    </p>
   </div>
   <div class='ocr_carea' id='block_1_3' title="bbox 436 4332 916 4406">
    <p class='ocr_par' dir='ltr' id='par_1_6' title="bbox 436 4332 916 4406">
     <span class='ocr_line' id='line_1_34' title="bbox 436 4332 916 4406; baseline -0.01 -9"><span class='ocrx_word' id='word_1_245' title='bbox 436 4336 453 4371; x_wconf 73' lang='lat'>⁸</span> <span class='ocrx_word' id='word_1_246' title='bbox 477 4332 713 4396; x_wconf 69' lang='lat' dir='ltr'><strong>sicariorum.</strong></span> <span class='ocrx_word' id='word_1_247' title='bbox 757 4333 861 4406; x_wconf 84' lang='lat' dir='ltr'><strong>Quaere</strong></span> <span class='ocrx_word' id='word_1_248' title='bbox 874 4333 916 4392; x_wconf 79' lang='lat'><strong>6?</strong></span> 
     </span>
    </p>
   </div>
   <div class='ocr_carea' id='block_1_4' title="bbox 0 0 1487 5054">
    <p class='ocr_par' dir='ltr' id='par_1_7' title="bbox 0 0 1487 5054">
     <span class='ocr_line' id='line_1_35' title="bbox 0 0 1487 5054; baseline 0 0"><span class='ocrx_word' id='word_1_249' title='bbox 0 0 1487 5054; x_wconf 95' lang='lat' dir='ltr'><strong> </strong></span> 
     </span>
    </p>
   </div>
  </div>
 </body>
</html>
