2932 5054
391 451 577 514 anrouor
596 451 868 505 onomarnrcn
887 448 978 504 nro.
1133 436 1208 503 213

164 617 320 709 finitum,
338 619 377 692 in
405 645 449 694 eo
476 620 659 707 consistit,
690 620 790 717 quod
812 644 933 717 neque
960 641 1093 723 corpus
1123 618 1208 690 sub·
1242 644 1310 686 cm.
1325 636 1392 685 xm.

160 733 301 826 jectum
319 745 376 806 est
400 734 437 805 in
466 734 668 830 cogitante,
695 758 817 831 neque
843 733 1014 830 spatium,
1043 730 1208 827 corporis

165 843 299 941 imago,
324 846 363 919 in
391 869 430 919 re
455 849 628 943 cogitata,
646 846 711 920 sed
736 846 993 920 tantummodo
1010 846 1049 918 in
1070 868 1209 917 memo-

164 958 230 1031 ria.
282 959 464 1032 Memoria
490 971 613 1033 autem
643 972 682 1033 et
707 984 816 1033 sensu
833 959 1020 1033 infinitum
1037 981 1116 1031 esse
1133 981 1208 1030 non

163 1084 299 1165 potest.

212 1181 1209 1280 hastoitnmautemamathematioissaepissimedicitur

163 1320 230 1393 pro
248 1295 451 1390 indpinito.
503 1297 742 1370 Indefinitum
767 1310 889 1370 autem
914 1309 969 1370 est
995 1296 1092 1369 idem
1111 1294 1210 1391 quod

164 1408 400 1507 qrcoatamoia
417 1434 600 1506 magnum.
653 1410 701 1483 Et
718 1410 914 1506 aliquando
935 1433 1003 1505 pro
1023 1408 1211 1502 indefinite

157 1545 294 1617 parvo,
305 1521 416 1594 modo
431 1545 504 1594 non
516 1523 563 1595 sit
574 1522 675 1595 nihil.
711 1523 835 1596 Dividi
848 1522 947 1595 enim
960 1523 999 1593 in
1013 1522 1209 1609 infinitum,

164 1633 203 1707 id
231 1635 354 1708 estin
381 1635 509 1724 nihila,
538 1637 725 1731 quantitas
752 1635 854 1708 nulla
876 1648 1011 1732 potest.
1064 1634 1210 1708 Dicitur

164 1747 275 1820 etiam
293 1747 479 1820 infinitum
497 1747 696 1842 aliqnando
713 1773 781 1845 pro
807 1758 985 1845 quantum
1007 1757 1065 1820 cat
1083 1746 1210 1846 poeai-

165 1857 250 1933 ln'le.
285 1859 475 1954 Infinitum
488 1872 612 1933 autem
629 1859 776 1956 proprie
788 1859 929 1932 dictum
946 1858 1039 1932 nihil
1057 1873 1126 1945 est,
1139 1858 1211 1931 nisi

166 1984 315 2068 superet
345 1995 598 2046 mensurarum
628 1973 799 2046 datarum
832 1995 1027 2045 numerum
1062 1995 1211 2045 omnem

164 2084 436 2180 assignabilem.
489 2084 563 2158 Sed
594 2084 886 2158 demonstratum
920 2109 1012 2175 esse,
1040 2085 1158 2174 aiunt,
1187 2109 1212 2159 a

163 2197 554 2288 Torricellio‚solidum
564 2199 750 2295 quoddam
761 2211 907 2272 acutum
920 2199 1210 2295 hyperbolicum,

165 2312 277 2384 etiam
294 2311 366 2384 hoo
390 2335 500 2384 sensu
523 2311 671 2405 infiniti,
690 2313 831 2408 aequale
850 2335 928 2384 esse
947 2312 1114 2408 cylindro
1133 2312 1209 2384 cui-

165 2424 261 2512 dam,
274 2426 378 2519 cujus
388 2425 535 2520 quidem
549 2424 646 2498 basis
656 2425 791 2498 habeat
801 2426 1022 2498 diametrum
1032 2425 1211 2521 aequalem

165 2535 325 2610 dimidiae
343 2537 421 2609 basi
440 2537 663 2632 hyperbolae,
677 2537 912 2610 altitudinem
926 2562 1013 2610 vero
1031 2538 1211 2634 aequalem

165 2648 328 2745 ejusdem
346 2648 557 2745 hyperbolae
575 2650 634 2722 axi
654 2662 875 2722 transverso.
920 2649 1210 2722 Demonstratio-

164 2786 249 2835 nem
273 2762 383 2858 hujus
403 2763 641 2858 problematis
660 2763 793 2858 saepius
811 2775 849 2835 et
866 2774 1007 2834 attente
1024 2762 1211 2856 legeram:

164 2899 282 2971 neque
300 2874 494 2971 quicquam
512 2876 636 2970 inveni
653 2875 901 2972 paralogismi.
939 2875 1067 2949 Inveni
1085 2886 1211 2948 tamen

165 2987 378 3061 distantiam
408 3012 517 3084 quam
544 2989 778 3062 Torriceilius
811 2989 986 3085 supponit
1017 2987 1209 3082 afinitate,

165 3101 320 3198 intelligi
334 3102 379 3175 de
393 3103 569 3176 distantia
582 3103 779 3196 indeindc
789 3131 798 3175 ε
810 3127 878 3176 nec
892 3103 1056 3198 potuisse
1069 3102 1115 3174 ab
1130 3101 1210 3196 ipso

164 3214 271 3287 aliter
288 3214 455 3311 intelligi,
474 3215 536 3311 qui
557 3216 738 3312 principio
758 3216 876 3289 utitur
894 3215 1145 3288 Cavalleriano
1164 3214 1211 3287 de

165 3326 454 3399 indivisibilitas
480 3328 516 3399 in
539 3328 647 3401 valde
671 3328 793 3401 multis
816 3328 1208 3401 demonstrationibus:

165 3562 406 3647 aggregatum
435 3552 575 3647 aequale
605 3554 723 3649 possit
756 3577 837 3626 esse
872 3556 1077 3650 cuicunque
1113 3554 1210 3628 datae

165 3664 409 3761 magnitudini
421 3666 572 3761 aequale.
608 3666 736 3762 Itaque
749 3668 950 3762 propositio
964 3679 1039 3739 tam
1051 3667 1212 3740 absurda

166 3803 275 3875 quam
293 3779 373 3850 haec
392 3792 460 3867 est,
479 3778 658 3872 irfinitam
670 3779 787 3872 finito
812 3803 894 3852 ease
912 3779 1068 3876 equale,
1086 3780 1210 3852 'Porri-

166 3890 271 3964 oellio
288 3891 422 3963 ascribi
441 3914 514 3963 non
534 3892 654 3964 debet.
707 3891 873 3964 Solidum
895 3894 992 3964 enim
1013 3904 1089 3963 tam
1116 3893 1211 3966 exile

165 4004 306 4077 nullum
324 4027 402 4075 esse
420 4015 554 4099 potest,
569 4003 668 4100 quod
685 4004 827 4077 infinite
841 4028 915 4076 non
932 4003 1087 4076 excedat
1101 4029 1210 4077 omne

165 4117 322 4190 solidum
336 4119 499 4189 finitum:
518 4133 558 4190 ut
569 4118 803 4190 manifestum
819 4129 875 4190 est
887 4118 1023 4189 lumine
1037 4118 1209 4191 naturali.

166 4230 386 4305 Absurditas
404 4231 467 4304 ilia
483 4231 797 4305 arithmeticorum
816 4242 871 4304 cst
888 4231 1150 4327 disputantium
1164 4230 1212 4305 de

1249 713 1393 748 »ἥρ-κ

1252 776 1286 820 De
1296 775 1389 820 infinito.
