2932 5054
547 442 877 495 uectusmsrlcn.

198 605 263 671 His
277 628 405 690 quoque
417 605 597 672 vermiculis
612 629 702 693 reges
716 605 923 690 hominesque
938 606 1082 692 opulenti

241 705 430 792 Magnificus
444 717 569 772 certant
583 707 737 772 aedilieore
751 706 869 771 domos.

199 805 296 870 Unde
312 805 430 881 volant,
446 806 504 870 alis
518 805 629 881 enatis,
645 804 827 891 templaque
842 806 957 870 bombo

242 905 401 991 Implent:
426 929 500 971 nam
515 929 623 970 musea
637 915 686 970 est
700 928 771 990 qum
786 904 878 970 modo
893 903 1009 969 vermis
1023 914 1099 970 erut

199 1008 310 1088 Atque
325 1028 382 1091 per
395 1028 450 1069 ora
465 1005 567 1071 virum
582 1005 718 1069 volitans
733 1027 797 1069 non
811 1003 913 1068 multo
928 1004 1093 1081 scientum,

241 1104 375 1169 lllorum
389 1103 506 1189 patulis
520 1103 637 1167 insidet
651 1103 821 1168 auriculis:

199 1203 413 1288 Corrumpens
428 1226 529 1269 mores
544 1204 661 1280 civiles,
678 1226 736 1268 nee
751 1203 829 1268 sinit
843 1202 923 1280 illos,

241 1303 292 1369 Ut
305 1304 431 1379 debent,
446 1303 526 1368 fidos
540 1303 667 1389 regibus
682 1327 749 1368 esse
765 1303 839 1367 suis.
1150 1307 1234 1370 2030

198 1404 411 1469 “Parendum
426 1427 493 1470 esse
508 1404 578 1469 Deo
594 1405 699 1489 potius
715 1427 812 1489 quem
828 1403 983 1489 regibus'’,
998 1403 1115 1487 inquit,

241 1503 332 1567 “Nil
346 1504 435 1568 dubii
450 1514 515 1569 est:
540 1503 649 1567 eodem
664 1503 754 1589 Papo
769 1502 923 1586 Deosque
932 1502 1077 1588 jubent.’'

200 1603 336 1670 Sedulus
350 1603 389 1668 ad
404 1603 522 1668 lectum
537 1602 744 1668 morientibus
759 1602 872 1678 adstat,
885 1611 919 1666 et
932 1602 1022 1667 audit

241 1702 324 1785 Quae
340 1726 397 1767 sua
411 1702 546 1787 quisque
557 1702 636 1768 velit
650 1725 714 1767 uon
728 1704 809 1767 bene
823 1700 908 1767 faeta
921 1701 1019 1785 loqui.

199 1800 403 1885 Consilioque
414 1803 517 1885 juvat,
532 1801 585 1887 pia
599 1810 854 1885 testamentoque
869 1800 987 1865 dietat:

243 1909 263 1938 “
274 1901 390 1985 Doque
404 1901 501 1977 Deo”,
517 1900 604 1978 dicit,
621 1909 641 1938 “
656 1901 713 1985 qui
727 1900 787 1965 tibi
802 1911 892 1964 tenta
906 1899 1021 1967 dedic&

198 1999 278 2066 Inde
294 2012 343 2065 tot
357 2011 391 2065 et
405 2000 487 2066 tenti
502 2000 597 2065 saeris
612 2000 741 2065 donario
755 1999 892 2086 templis,

241 2098 281 2163 In
296 2123 386 2186 reges
401 2100 507 2165 videas
522 2123 609 2165 arma
623 2113 733 2185 parata
746 2099 828 2165 Deo.

198 2197 392 2284 Explorator
406 2210 474 2265 erut
489 2222 616 2283 quoque
632 2199 840 2264 confessarius
855 2198 966 2276 omnis,

241 2298 288 2362 Et
301 2298 444 2364 consessa
457 2298 528 2364 Deo
543 2298 646 2364 dicere
662 2299 774 2365 doctus
789 2309 866 2364 erat.

199 2397 284 2463 Nom
301 2399 391 2463 Deus
405 2398 439 2462 in
454 2398 546 2462 terris
559 2397 619 2462 hoo
634 2407 776 2483 tempore
791 2398 880 2483 Papa
898 2397 1021 2475 fnisset,

244 2498 278 2562 Si
293 2522 355 2563 non
368 2521 426 2583 per
436 2521 547 2584 regum
558 2499 633 2582 jura
647 2498 800 2562 creandus
816 2508 892 2563 erat

199 2597 288 2683 Papo
299 2599 367 2664 Leo
384 2597 582 2681 Carolusque
596 2596 709 2684 agnus¹
726 2598 785 2663 sibi
801 2608 913 2662 mutua
926 2620 1024 2684 regna

242 2698 454 2763 Tradiderunt
468 2708 570 2783 poeto,
584 2698 695 2764 Carnis
710 2709 743 2762 et
758 2697 894 2784 Ingenii.

202 2796 264 2864 Sed
278 2810 405 2883 paetum
416 2796 476 2862 hoe
489 2796 585 2882 Papae
601 2820 664 2860 non
680 2819 843 2861 servavere
855 2804 1042 2879 sequentes:

243 2897 315 2962 Non
329 2919 459 2981 aequum
473 2906 522 2960 est
537 2919 593 2981 par
603 2897 657 2980 jus
667 2895 781 2962 Carnis
796 2907 829 2960 et
844 2895 979 2980 Ingenii.

200 2994 350 3078 Namque
364 2994 544 3060 inconsulto
559 3018 654 3079 papae
670 2993 898 3079 Induperutore

244 3095 305 3158 Est
319 3117 413 3159 ausus
428 3093 530 3158 clerus
545 3117 627 3178 saepe
643 3116 747 3158 creare
763 3092 831 3157 sibi.

201 3192 288 3259 Hine
303 3195 362 3258 sub
378 3192 524 3259 Conrado
538 3192 608 3274 (sed
624 3216 729 3276 quaere
745 3191 858 3277 quoto)
869 3191 955 3256 serus
969 3190 1022 3255 ille

243 3293 441 3378 Longusque
457 3291 598 3357 Occiduo
613 3304 719 3356 motus
734 3292 766 3354 in
782 3293 857 3356 orbe
872 3290 943 3355 fuit.

202 3392 266 3456 Pro
283 3392 371 3477 Papa
386 3390 537 3475 Guelphi,
554 3413 610 3476 pro
623 3389 748 3456 Caesare
763 3400 849 3454 stant
861 3388 1021 3455 Gibelini:

244 3490 408 3576 Temporis
423 3490 514 3554 istius
529 3489 656 3553 nomina
670 3488 753 3554 forte
768 3489 893 3553 dueum.

200 3590 294 3654 Exiit
307 3590 368 3654 hoe
382 3589 501 3654 bellum
516 3588 686 3653 Frederioo
702 3587 828 3653 Caesare
843 3599 953 3673 capto:

243 3688 305 3753 Illo
321 3688 376 3771 qui
392 3688 513 3773 primus
528 3688 653 3752 nomine
670 3685 778 3752 Caesar
793 3696 869 3751 erut.

202 3787 300 3852 Hune
315 3787 436 3852 Veneti
452 3786 564 3861 vicere,
580 3786 710 3871 fugatus
726 3785 814 3871 Papo
828 3784 1022 3871 triumphet:

244 3887 384 3952 Nomine
400 3886 585 3952 Alexander
600 3886 730 3950 Tertius
745 3885 798 3950 ille
813 3885 885 3949 fuit

202 3984 267 4067 Qui
283 3997 375 4071 capta
389 3985 503 4061 Roma,
521 3985 648 4050 Veneto
661 3985 808 4050 latitabat
823 3985 856 4049 in
871 3985 960 4061 urbe,

244 4086 463 4169 Deteetusque
479 4086 547 4170 ipso
564 4084 687 4151 Caesare
702 4087 802 4170 major
815 4085 890 4150 abit

202 4181 304 4269 Cujus
318 4195 352 4250 et
367 4184 399 4249 in
415 4185 529 4250 collum
546 4195 687 4261 steterat,
703 4184 859 4268 dictisque
874 4181 1017 4268 superbis

560 4383 567 4416 ¹
588 4384 668 4455 [Vide
679 4384 881 4452 Gnosiorum]
