2932 5054
354 402 555 457 nostrum
575 402 898 458 GBOMBTRICUM.
1103 390 1151 455 ³31

109 568 286 665 trianguli
303 567 421 644 APD.
474 570 597 647 Quare
615 582 771 668 tangens
795 581 843 648 30
870 570 1065 670 graduum,
1084 581 1155 645 etc.
1185 597 1283 638 raon.
1299 596 1342 638 xl.

113 682 225 758 Quod
241 695 321 757 erat
338 683 675 759 demonstrandum.
1169 665 1371 784 mffim.

162 794 354 870 Anrnrnn.
384 796 585 896 Confutata
604 797 834 896 jampridem
850 808 908 871 eet
924 797 1001 872 hee
1011 822 1156 896 propo·
1169 793 1199 838 ὅ·
1209 792 1352 851 ”tum

110 909 201 981 sitio
217 907 265 982 ob
289 906 459 982 Woltiaio
476 934 524 982 er
546 908 684 982 rabulis
709 909 862 999 sinuum,
887 909 1102 999 secantium,
1120 919 1159 983 et

111 1021 355 1120 tangentium,
372 1045 586 1095 nummorum
604 1031 877 1120 geometrarum
904 1047 1043 1095 summa
1066 1047 1158 1096 euro

110 1133 325 1208 calculatio.
376 1134 508 1208 Utrum
523 1133 672 1208 Hobbio
690 1160 740 1207 am
756 1134 836 1210 illie
855 1135 1079 1209 eredendum
1092 1135 1157 1226 eit,

111 1257 190 1337 tuo,
206 1246 335 1337 lector,
354 1248 609 1322 consideratio
625 1257 693 1322 eat.

161 1361 338 1458 Sequitur
354 1361 441 1436 hinc
465 1361 553 1451 ΒΜ,
571 1362 664 1452 ΜΝ,
678 1360 841 1451 ΝΟ,ΟΡ,
854 1360 930 1451 KS,
955 1384 1034 1436 esse
1062 1362 1160 1435 inter

111 1499 151 1549 se
168 1474 339 1570 aequales.
391 1475 484 1548 Cum
511 1475 609 1547 enim
637 1499 863 1572 unaquaeque
890 1498 1016 1548 earum
1047 1475 1160 1571 dupla

111 1589 160 1662 sit
176 1599 288 1661 reotae
305 1587 378 1662 ΗΟ
395 1587 454 1662 vel
472 1588 539 1677 IQ,
550 1587 707 1685 aequales
726 1600 834 1662 erunt
845 1588 944 1660 inter
961 1611 1012 1662 se.
1063 1589 1160 1662 Prae·

109 1713 214 1775 terea
231 1698 297 1773 BP
314 1700 426 1797 dupla
443 1713 500 1775 est
523 1696 594 1776 GS.
646 1700 887 1777 Manifestum
912 1699 1011 1773 enim
1039 1711 1095 1774 est
1113 1725 1159 1773 ex

113 1813 274 1912 eoquod
292 1812 361 1888 AB
378 1813 490 1911 dupla
508 1826 563 1887 est
587 1811 667 1891 AG.
720 1813 830 1888 Unde
847 1836 975 1887 rursus
1002 1825 1159 1910 apparet

113 1924 179 2000 BP
196 1950 276 2000 esse
298 1937 513 2023 tangentem
538 1934 587 2001 30
610 1922 805 2023 graduum.
858 1927 956 2000 Nam
974 1923 1050 2015 AS,
1076 1949 1159 2021 quae

113 2039 306 2228 manggste
324 2039 474 2136 aequalis
492 2050 549 2113 est
573 2040 742 2136 tangenti
770 2048 819 2115 30
836 2040 1029 2137 graduum,
1048 2038 1160 2137 dupla

114 2165 171 2227 est
253 2208 263 2226 .

506 2519 645 2593 PROP.
671 2519 759 2594 XII.

117 2705 250 2760 1112an
269 2706 364 2767 QUAE
383 2705 617 2760 TRIANGULI
635 2707 906 2767 AEQUILATERI
932 2705 1074 2758 BASEM
1094 2706 1161 2758 SE·

166 2820 242 2873 CAT
260 2820 287 2872 A
310 2820 467 2879 Quovls
489 2820 671 2872 vult'rrcn
696 2819 918 2884 BIFARIAM,
942 2819 1160 2879 snsuulau·

164 2931 271 2984 'FERA
292 2932 367 2984 EST
385 2931 624 2984 TANGENTIS
643 2933 779 2985 Ancus
799 2919 846 2985 30
866 2931 1089 2985 GRADUUM.

116 3060 322 3134 Sumnrun
353 3060 392 3133 in
410 3056 478 3133 AB
503 3071 659 3156 tungens
681 3083 788 3134 urens
813 3069 860 3135 30
878 3060 1060 3157 graduum
1079 3057 1159 3132 AT.

113 3174 137 3247 J
139 3185 298 3270 ungatur
315 3173 382 3246 ΒΤ
399 3196 528 3247 secans
545 3172 619 3246 ΑΚ
634 3173 672 3247 in
690 3174 736 3263 V,
754 3185 792 3247 et
808 3185 948 3248 rectam
965 3169 1035 3244 ΕΚ
1051 3172 1091 3244 in
1110 3169 1159 3256 X,

114 3298 153 3361 et
170 3285 327 3361 ducatur
345 3284 433 3360 AX.
486 3286 565 3360 Erit
583 3309 671 3383 ergo
690 3287 917 3382 triangulum
930 3281 1036 3358 ATX
1052 3285 1159 3380 aequi·

114 3401 283 3474 laterum.
334 3400 400 3472 Est
427 3422 515 3496 ergo
539 3399 694 3495 angulus
712 3398 835 3488 AVD,
862 3410 904 3473 ut
933 3410 970 3471 et
999 3397 1159 3493 angulus

114 3512 186 3586 KD
193 3512 236 3603 V,
254 3524 401 3586 rectus:
420 3525 529 3585 erunt
546 3512 657 3585 etiam
673 3512 789 3586 latera
805 3510 893 3600 AX,
907 3511 979 3584 XD
992 3509 1157 3606 aequalia.

114 3628 181 3701 Est
205 3639 331 3701 autem
356 3626 425 3698 ΤΧ
452 3625 564 3722 dupla
579 3625 662 3698 VX.
716 3626 840 3699 Quare
869 3625 939 3697 DV
966 3636 1022 3696 est
1048 3623 1159 3720 tripla

114 3740 196 3829 VX,
224 3740 265 3813 id
292 3752 348 3813 est
377 3738 616 3835 sesquialtera
643 3738 727 3827 DX,
754 3738 792 3811 id
817 3752 875 3811 est
898 3737 1086 3833 tangentis
1110 3745 1158 3811 30

113 3854 306 3950 graduum.
362 3851 474 3927 Quod
508 3865 587 3926 erat
623 3852 959 3925 demonstrandum.
1016 3849 1158 3923 Eadem

113 3965 316 4064 propositio
349 3964 624 4038 demonstratur
655 3963 773 4036 Elem.
801 3963 863 4036 xiv
889 3964 936 4037 ad
963 3987 1067 4059 prop.
1089 3970 1157 4036 18:

113 4079 177 4152 sed
195 4078 281 4177 quia
298 4077 444 4174 longior
471 4090 527 4151 est
545 4101 655 4174 quam
672 4089 715 4150 ut
740 4078 826 4150 huic
851 4077 933 4150 loeo
952 4076 1159 4166 conveniat,

112 4193 259 4291 legatur
271 4193 317 4266 ab
335 4215 380 4264 eo
398 4192 462 4288 qui
479 4191 664 4265 dubitabit
682 4191 728 4264 de
745 4191 901 4264 veritate
920 4191 1009 4286 ejus.

164 4307 306 4381 Corolt.
334 4304 403 4379 Est
420 4328 508 4403 ergo
526 4317 629 4379 recta
646 4305 725 4395 DV,
742 4305 800 4378 vel
824 4302 906 4394 EK,
924 4304 1035 4401 tripla
1058 4301 1157 4377 diffe-
