2932 5054
522 427 743 481 rvrsromu.
1077 417 1151 484 285

111 590 197 686 pilae
214 591 261 664 ab
278 592 312 664 A
330 591 377 665 ad
395 592 426 666 B
444 594 615 690 componi
638 619 684 668 ex
709 594 850 668 duabus
872 594 964 685 aliis,
990 596 1038 669 ab
1054 597 1089 671 A
1105 598 1154 672 ad
1179 606 1307 718 1¹⁰bl⁰·j¹¹⁸
1319 606 1347 650 ⁸⁴¹

114 706 151 776 H
171 717 209 777 et
225 705 272 778 ab
289 707 323 779 A
340 706 387 780 ad
406 707 447 796 C,
461 708 718 782 abstinendum
734 720 856 783 tamen
870 733 949 782 esse
962 711 1090 804 putavi
1106 712 1153 784 ab
1191 738 1336 774 »τό

112 818 184 892 isto
206 819 316 894 modo
341 819 527 916 loquendi,
548 846 595 894 ne
618 822 715 896 forte
739 822 793 896 ita
815 822 1093 918 intelligeretur,
1111 833 1154 897 ut

112 931 548 1026 ipsarumvelocitatum
539 960 576 1009 ιη
595 949 699 1009 motu
716 935 768 1008 sic
785 936 990 1032 composito
1007 938 1154 1032 quanti-

112 1056 180 1131 tax,
194 1057 231 1119 et
244 1047 353 1120 unius
366 1046 412 1120 ad
426 1048 578 1121 alteram
595 1049 796 1144 proportio,
812 1059 1042 1122 remanerett‘
1054 1049 1160 1146 quod·
1207 1140 1209 1143 ι

112 1158 214 1231 nullo
240 1159 350 1233 modo
375 1184 502 1233 verum
528 1173 593 1235 est.
647 1162 744 1234 Nam
770 1161 811 1246 si,
838 1163 996 1257 exempli
1020 1163 1152 1258 gratia,

111 1295 291 1366 ponamus
317 1273 428 1370 pilam
454 1276 500 1346 ab
518 1275 552 1346 A
568 1274 656 1346 ferri
683 1275 912 1348 dextrorsum
937 1298 1011 1349 uno
1033 1275 1153 1371 gradu

111 1383 321 1474 celeritatis,
339 1397 377 1458 et
395 1386 565 1461 deorsum
590 1411 665 1460 uno
683 1387 795 1459 etiam
812 1386 942 1482 gradu,
963 1389 1151 1483 perveniet

112 1496 161 1569 ad
179 1497 209 1568 B
227 1521 312 1571 cum
330 1498 472 1572 duobus
494 1499 669 1595 gradibus
686 1498 894 1587 celeritatis,
912 1500 1043 1573 eodem
1058 1511 1152 1575 tem-

111 1632 202 1707 pore
218 1634 291 1706 quo
309 1610 382 1684 alia
401 1635 483 1707 quae
509 1612 667 1685 ferretur
692 1612 803 1686 etiam
821 1611 1052 1686 dextrorsum
1076 1637 1151 1688 uno

110 1721 230 1817 gradu
247 1723 456 1813 celeritatis,
474 1716 512 1798 et
530 1724 700 1797 deorsum
727 1723 881 1813 duobus,
898 1726 1087 1822 perveniet
1104 1727 1153 1800 ad

112 1835 150 1907 G
163 1859 247 1908 cum
264 1836 382 1910 tribus
398 1837 573 1933 gradibus
591 1837 806 1911 celeritatis:
823 1836 922 1910 unde
939 1851 1154 1933 sequeretur

111 1948 247 2022 lineam
264 1949 330 2022 AB
348 1972 428 2023 esse
445 1950 493 2023 ad
510 1950 577 2023 AG
593 1962 636 2024 ut
653 1959 676 2024 2
695 1949 742 2023 ad
760 1959 795 2040 3,
814 1950 937 2047 quod*
955 1962 1079 2024 tamen
1097 1961 1153 2026 est

111 2075 156 2135 ut
174 2071 196 2136 2
218 2062 266 2135 ad
286 2062 407 2137 r.10.'’

164 2173 395 2272 Respondeo,
431 2175 603 2272 quoniam
633 2177 832 2250 confitetur
865 2176 1035 2252 dominus
1064 2179 1153 2252 Des·

113 2299 233 2362 cartes
251 2287 325 2362 dici
341 2313 448 2387 posse
467 2289 696 2363 velocitatem
715 2290 800 2386 pilae
817 2289 864 2363 ab
881 2291 915 2362 A
932 2290 979 2364 ad
1006 2291 1036 2362 B
1055 2315 1154 2365 com-

110 2402 202 2498 poni
224 2425 330 2497 posse
358 2426 405 2476 ex
426 2401 567 2475 duabus
585 2402 677 2491 aliis,
695 2404 742 2476 ab
759 2404 793 2475 A
810 2403 858 2476 ad
876 2404 913 2477 H
936 2416 974 2477 et
991 2404 1037 2477 ab
1055 2404 1089 2477 A
1106 2404 1155 2478 ad

113 2514 157 2605 C,
175 2514 333 2589 debebat
358 2539 504 2612 quoque
530 2516 698 2589 confiteri
723 2515 763 2588 id
787 2540 914 2588 verum
940 2539 1043 2589 esse:
1068 2540 1155 2590 nam

113 2627 299 2702 existimat
315 2628 358 2717 is,
377 2653 400 2701 a
415 2628 633 2725 philosopho
660 2629 699 2701 in
725 2629 957 2725 philosophia
973 2628 1065 2701 nihil
1082 2628 1155 2703 dici

113 2766 221 2838 posse
238 2743 338 2840 quod
360 2766 436 2817 non
463 2742 510 2815 sit
535 2766 675 2815 verum.
728 2740 801 2814 Sed
825 2742 1002 2815 abstinuit
1018 2741 1065 2813 ab
1083 2742 1155 2814 isto

114 2855 288 2952 loquendi
312 2855 436 2946 modo,
453 2856 627 2951 quoniam
644 2854 729 2927 inde
747 2853 869 2950 colligi
887 2852 1032 2926 videtur
1048 2877 1155 2949 posse

114 2967 154 3041 id
171 2968 269 3065 quod
286 2969 417 3043 falsum
434 2980 501 3056 est,
518 2993 661 3064 nempe,
680 2968 860 3041 rationem
877 2966 983 3040 lineae
998 2965 1062 3039 AB
1079 2990 1155 3038 nou

115 3105 193 3155 esse
212 3083 260 3156 ad
276 3083 410 3155 lineam
422 3082 489 3155 AG
502 3091 577 3154 ut2
591 3081 639 3154 ad
655 3087 752 3167 ΜΟ,
768 3079 833 3153 sed
850 3089 892 3153 ut
909 3085 932 3152 2
950 3077 995 3152 ad
1015 3087 1055 3151 3:
1074 3102 1155 3173 quac

112 3195 209 3268 ratio
227 3195 433 3268 abstinendi
451 3219 525 3269 non
544 3206 601 3267 est
622 3196 735 3290 justa.
788 3194 883 3265 Nam
902 3193 932 3265 si
951 3215 1026 3264 non
1052 3202 1154 3265 recte

115 3305 272 3381 insertur
288 3307 334 3379 ab
351 3305 550 3380 istomodo
567 3304 740 3402 loquendi
757 3305 896 3378 falsitas
913 3303 986 3393 illa,
1000 3327 1075 3376 non
1094 3302 1153 3375 de·

113 3419 226 3493 bebat
236 3419 683 3515 timereaparalogismis*
694 3441 785 3514 quos
798 3418 859 3490 alii
869 3427 997 3513 postea
1008 3417 1155 3488 sibimet

115 3533 203 3630 ipsis
222 3545 374 3631 possent
397 3533 529 3606 facere.
582 3531 656 3605 Sed
683 3533 760 3628 ipse
786 3530 930 3626 putavit
953 3528 1154 3602 illationem

113 3646 216 3720 illam
239 3669 363 3720 veram
385 3669 476 3733 esse,
494 3669 603 3742 quarn
626 3643 710 3717 ideo
732 3645 810 3739 ipse
833 3666 978 3739 quoque
1002 3641 1154 3737 colligit,

116 3759 181 3833 sed
198 3757 321 3832 fallaci
338 3757 628 3831 ratiocinatione.
655 3756 752 3828 Nam
765 3756 834 3829 etsi
851 3756 963 3851 pilam
977 3776 1156 3850 ponamus

114 3872 204 3948 ferri
232 3874 278 3945 ab
305 3872 338 3944 A
369 3871 600 3944 dextrorsum
629 3893 703 3942 uno
733 3867 851 3964 gradu
881 3866 1090 3954 celeritatis,
1118 3877 1156 3938 et

116 3986 287 4059 deorsum
317 4009 390 4057 uno
415 3983 544 4080 gradu,
571 4006 647 4058 non
677 3993 800 4056 tamen
831 3980 1020 4077 perveniet
1048 3976 1096 4051 ad
1124 3978 1155 4049 B

115 4100 260 4174 duobus
283 4099 456 4197 gradibus
481 4096 696 4170 celeritatis:
722 4095 890 4169 similiter
912 4094 943 4168 si
964 4093 1000 4166 A
1016 4091 1156 4165 feratur

578 4347 595 4381 ‘¹'
618 4344 676 4404 Sic.
