2932 5054
353 443 408 496 sn
427 443 618 496 canrnsu
637 442 963 496 nnnrns'nonns.
1100 429 1172 496 265

137 609 273 684 stantia
289 609 339 683 sit
355 612 471 706 magis
489 634 547 684 res
565 634 674 708 quam
692 609 841 684 modus:
866 622 977 707 atque
992 608 1024 682 si
1041 609 1175 684 dentur
1214 635 1362 678 omens

137 722 332 819 qualitates
361 724 476 797 reales
502 725 560 797 vel
586 723 800 798 substantia
826 722 1070 819 incompleta,
1088 735 1175 798 sunt
1217 718 1356 823 ‚L

136 836 253 932 magis
269 859 327 908 res
345 859 454 932 quam
472 836 582 926 modi,
599 836 664 910 sed
690 836 810 910 minus
832 859 943 934 quam
960 836 1175 911 substantiae

137 948 347 1045 completae:
374 973 417 1023 ac
435 949 603 1047 denique,
622 951 651 1023 si
670 949 777 1023 detur
799 950 1003 1023 substantia
1031 949 1176 1024 infinita

136 1072 175 1134 et
191 1061 452 1159 independens,
464 1077 520 1137 est
537 1063 653 1160 magis
671 1087 729 1137 res
743 1087 851 1160 quam
868 1063 970 1136 finita
988 1074 1028 1136 et
1040 1061 1176 1160 depen-

136 1174 240 1249 dens.
293 1176 458 1273 Haecque
475 1177 599 1251 omnia
615 1200 681 1274 per
698 1199 737 1250 se
755 1187 840 1250 sunt
856 1174 1057 1249 notissima.

523 1425 722 1478 olusculo
742 1426 784 1476 X.

135 1565 272 1664 Itaque
288 1564 372 1638 eolo
388 1575 508 1639 restat
533 1566 619 1640 ideo
645 1565 745 1640 Dei:
771 1565 811 1640 in
838 1591 909 1664 quo
939 1564 1176 1640 emieideron·

185 1678 270 1753 dom
286 1687 355 1765 eet,
372 1703 422 1750 oo
437 1677 585 1776 aliquid
597 1679 650 1753 eit
676 1678 777 1776 qood
791 1703 816 1752 o
833 1703 889 1752 me
915 1678 999 1776 ipeo
1017 1702 1088 1751 non
1107 1701 1176 1776 po-

185 1790 299 1877 tuerit
306 1791 513 1889 proteieei.
567 1790 644 1864 Dei
660 1791 802 1864 nomine
818 1788 987 1890 intelligo
1003 1789 1176 1865 nebeten-

185 1903 275 1976 tiom
292 1903 476 2000 quondam
493 1903 685 1999 iryioitom,
712 1902 1023 2002 independentem,
1040 1927 1176 1977 somme

184 2012 460 2113 intelligentem,
473 2039 607 2089 summe
616 2025 817 2115 potentem,
831 2025 868 2089 et
885 2041 909 2088 o
927 2041 1001 2114 quo
1019 2023 1093 2089 tum
1103 2039 1174 2114 ego

184 2128 280 2227 ipse,
299 2137 372 2201 tom
396 2127 630 2215 oliodomne,
648 2129 792 2227 siquid
815 2127 925 2202 aliod
947 2128 1175 2217 existatac

184 2250 361 2315 neotum.
416 2241 503 2326 Quo
525 2265 615 2315 sone
641 2240 759 2314 omnio
787 2240 884 2315 tolio
913 2249 1009 2330 sont,
1036 2249 1078 2313 ot
1106 2264 1174 2336 qoo

184 2351 401 2452 diligentius
423 2354 588 2442 attendo,
606 2363 708 2427 tanto
733 2354 852 2427 minoe
868 2378 893 2426 o
910 2352 1061 2426 mesola
1080 2376 1175 2452 pro·

168 2466 286 2564 secta
323 2490 405 2539 esee
442 2466 662 2540 videantur:
702 2465 856 2564 ideoque
894 2490 940 2539 ea
973 2464 1175 2540 antedictis

181 2579 301 2653 Deum
318 2580 526 2653 necessario
542 2579 706 2654 existere
722 2589 780 2653 eet
797 2577 1091 2653 concludendum.

184 2741 430 2817 considerans
455 2741 633 2816 attributa
661 2742 740 2831 Dei,
768 2753 812 2815 ut
841 2742 910 2815 Dei
937 2740 1058 2815 ideam
1087 2741 1175 2814 inde

133 2856 343 2945 habeamus,
357 2868 395 2930 et
412 2870 455 2929 ut
467 2854 654 2929 videamus
667 2878 714 2927 an
731 2854 768 2926 in
782 2854 844 2928 illa
857 2853 996 2950 aliquid
1013 2853 1062 2926 sit
1074 2852 1174 2950 quod

134 2994 158 3043 a
173 2969 280 3044 nobis
298 2969 385 3065 ipsis
402 2992 476 3042 non
488 2967 652 3064 potuerit
669 2967 862 3063 proficisci,
875 2965 1035 3054 invenio,
1052 2965 1091 3038 ni
1107 2964 1174 3037 fal·

133 3082 202 3172 lor,
233 3106 351 3179 neque
374 3106 397 3154 a
417 3083 522 3155 nobis
549 3081 732 3177 proficisci
757 3104 839 3177 quae
866 3078 1075 3153 adnomen
1104 3078 1176 3151 Dei

133 3195 350 3291 cogitamus,
367 3218 487 3290 neque
506 3218 583 3267 esse
607 3193 852 3267 necessarium
878 3203 922 3264 ut
937 3191 1173 3289 proficiscan-

133 3319 195 3382 tur
212 3307 359 3382 aliunde
376 3332 484 3404 quam
502 3307 549 3380 ab
576 3306 729 3402 objectis
757 3306 931 3379 externis.
983 3305 1081 3378 Nam
1103 3302 1174 3377 Dei

132 3423 282 3496 nomine
316 3421 482 3517 intelligo
515 3418 785 3501 substantiane,-
810 3418 880 3492 hoc
908 3427 977 3507 est,
1006 3416 1173 3513 intelligo

133 3537 252 3610 Deum
271 3535 439 3622 existere,
456 3557 531 3606 non
545 3555 612 3628 per
626 3531 759 3619 ideam,
779 3530 843 3604 sed
861 3554 927 3627 per
944 3529 1173 3603 ratiocinati-

133 3672 265 3732 onem3
292 3647 482 3742 iifioitcm,
499 3645 571 3718 hoc
588 3654 644 3717 est
662 3643 760 3739 quod
777 3667 852 3717 non
873 3665 1024 3740 possum
1050 3642 1174 3716 conci-

132 3784 219 3858 pere
236 3784 355 3857 neque
373 3759 565 3854 imaginari
580 3759 755 3831 terminos
773 3759 850 3853 ejus
869 3757 944 3829 sive
969 3767 1094 3854 partes
1111 3777 1174 3828 ex-

131 3889 281 3962 tremas,
311 3874 399 3969 quin
430 3871 550 3945 adhuc
579 3870 716 3968 possim
746 3869 938 3964 imaginari
968 3868 1172 3942 ulteriores.

130 3989 186 4062 Ex
205 4011 278 4084 quo
296 3985 461 4081 sequitur
479 3984 679 4057 adnomen
697 3982 833 4077 irfiniti
855 4006 930 4054 non
948 3981 1035 4054 oriri
1053 3979 1174 4053 ideam

130 4100 323 4174 infinitatis
352 4098 497 4187 divinoe,
523 4097 588 4170 sed
614 4119 779 4169 meorum
806 4095 920 4191 ipsius
944 4094 1071 4167 finium
1099 4093 1175 4166 sive

131 4212 300 4286 limitum.
353 4210 675 4308 Independentem,
705 4210 777 4283 hoc
806 4220 874 4298 est,
900 4231 975 4281 non
1006 4206 1175 4303 concipio

129 4349 279 4400 causam
296 4349 340 4398 ex
358 4348 430 4421 qua
451 4325 548 4398 Deus
566 4326 720 4399 oriatur.
