2932 5054
424 422 663 476 annotatus
684 421 872 475 occicus.
1094 406 1165 471 245

126 587 227 660 tione
255 586 417 675 refracti,
448 587 502 660 ita
535 598 592 661 est
625 588 726 661 sinus
760 587 886 683 anguli
920 585 1168 659 inclinationis
1201 612 1285 653 ιιιοι».
1298 610 1364 650 ιιιι.

127 700 276 773 alterius
293 699 340 772 ad
353 701 473 773 sinum
487 700 612 796 anguli
629 701 667 773 in
680 700 743 774 illa
755 699 994 775 inclinatione
1007 697 1167 771 refracti.
1208 681 1350 716 *β

129 814 222 887 Sunt
239 813 361 908 itaque
382 813 555 886 continue
578 808 870 910 proportionales
888 813 960 886 NK
985 812 1086 885 sinus
1103 834 1169 883 an·

127 927 204 1022 guli
220 926 369 999 refracti
386 926 425 1000 in
443 950 539 1014 raro,
558 927 635 999 MA
652 927 753 999 sinus
771 927 896 1021 anguli
923 924 1170 999 inclinationis

126 1039 341 1127 communis,
363 1051 401 1111 et
429 1038 491 1110 LE
523 1039 623 1111 sinus
649 1038 775 1135 anguli
801 1037 951 1111 refracti
975 1039 1014 1111 in
1042 1037 1168 1110 denso.

128 1151 251 1225 Quare
269 1152 300 1225 si
325 1151 398 1224 duo
416 1151 509 1224 radii
527 1151 718 1248 aequaliter
741 1150 910 1224 inclinati
935 1161 1005 1223 etc.
1059 1149 1170 1224 Quod

127 1274 206 1337 erat
229 1262 472 1361 probandum.

521 1474 781 1548 Corollarium.

176 1626 413 1700 Manifestum
431 1626 517 1700 hinc
535 1637 603 1715 est,
622 1625 709 1698 dato
723 1627 806 1699 sinn
823 1625 948 1722 anguli
966 1624 1116 1698 refracti
1131 1623 1170 1697 in

128 1763 201 1812 uuo
218 1739 339 1812 medio
357 1763 402 1812 ex
415 1741 542 1828 altero,
556 1750 594 1812 et
610 1738 859 1826 inclinatione,
873 1738 952 1811 dari
970 1739 1089 1810 sinum
1107 1760 1171 1810 an·

128 1853 205 1948 guli
230 1852 380 1926 refracti
407 1853 445 1926 in
464 1853 580 1927 altero
598 1851 740 1925 medio:
766 1852 824 1924 vel
841 1851 936 1925 datis
953 1851 1096 1947 angulis
1113 1872 1171 1923 re·

127 1965 254 2038 fractis
272 1965 463 2062 utriusque
481 1965 591 2039 medii
609 1966 648 2038 in
665 1965 794 2037 eadem
820 1964 1072 2053 inclinatione,
1091 1962 1172 2036 dari

128 2079 245 2174 ipsam
262 2076 555 2152 inclinationem:
573 2077 631 2150 vel
649 2076 737 2150 data
749 2077 986 2151 inclinatione
999 2100 1074 2150 una
1086 2098 1172 2149 cum

128 2191 270 2265 ratione
288 2214 399 2288 quam
416 2191 554 2265 habent
579 2190 676 2265 inter
698 2214 736 2264 se
754 2192 930 2288 obsequia
954 2191 1171 2280 mediorum,

130 2303 209 2378 dari
226 2314 371 2378 caetera.

475 2525 724 2578 nuonoststo
743 2527 833 2578 xiv.
855 2512 858 2519 '

131 2665 249 2739 Radit
266 2667 465 2740 incidentia
481 2666 628 2766 oblique
641 2667 679 2740 in
697 2667 851 2741 medium
866 2669 1057 2759 diversum,
1071 2671 1175 2765 eujus

181 2779 397 2877 superficies
415 2789 472 2853 eat
488 2805 613 2864 coroa,
633 2780 817 2879 refrcclio
836 2780 963 2854 eadem
986 2790 1043 2855 est
1070 2807 1117 2855 ac
1140 2781 1177 2854 ai

182 2891 373 2965 incidisset
395 2893 433 2965 io
457 2902 663 2967 contactum
672 2892 805 2991 planae
821 2894 1035 2992 superficiei
1051 2895 1174 2992 ipsam

180 3029 327 3078 curvam
343 3005 603 3103 contingentis.

182 3185 238 3258 Sit
255 3183 415 3257 medium
432 3183 531 3279 quod
548 3196 604 3257 est
617 3182 714 3256 infra
727 3194 864 3254 rectam
878 3183 971 3257 FBG
988 3183 1172 3258 diversum

132 3297 178 3370 ab
197 3321 240 3370 eo
258 3297 357 3393 quod
381 3309 437 3370 est
459 3320 580 3393 supra,
605 3296 832 3391 ducaturque
850 3295 913 3368 ΟΡ
930 3319 1057 3371 secans
1079 3299 1172 3373 FBG

132 3410 170 3483 in
190 3411 219 3483 B
237 3408 284 3484 ad
300 3411 456 3507 angulos
480 3423 612 3499 rectos,
631 3411 769 3484 ducan-

133 3538 265 3620 turque
280 3523 361 3596 duae
372 3547 492 3597 curvae
502 3523 599 3597 ABC
610 3537 648 3597 et
659 3523 765 3596 LBM

134 3659 172 3708 se
198 3637 354 3709 invicem
371 3648 408 3709 et
437 3647 574 3708 rectam
601 3638 662 3711 FG
679 3661 766 3711 con·
848 3630 860 3657 ¹*

133 3749 319 3844 tingentes
343 3750 381 3822 in
410 3763 549 3845 puncto
579 3749 619 3822 B.
674 3751 768 3823 luci·
801 3813 814 3843 ,

133 3861 198 3934 dat
225 3874 349 3934 antem
379 3862 605 3959 adplenum
635 3865 695 3939 FG
727 3865 767 3938 in

133 3986 269 4069 puncto
296 3974 327 4047 B
354 3975 392 4047 in
417 3975 655 4050 inclinatione
679 4002 767 4073 qua·
836 3983 872 4069 ¹„

134 4110 277 4182 cunque
295 4083 418 4159 radius
431 4087 497 4160 DB
511 4089 575 4184 qui
592 4090 769 4187 refringa·
897 4093 904 4121 ¹

133 4211 194 4271 tur
220 4225 243 4272 a
268 4199 410 4273 directa
439 4201 537 4292 DBI,
557 4203 616 4276 vel
641 4227 767 4277 versus
