2932 5054
563 437 895 497 nccnnslnsrlcs.
1176 439 1251 505 359

212 596 244 666 Ο
258 598 391 678 utinam,
406 602 528 669 metuln
541 615 675 672 mortem
689 607 779 694 prius
797 611 993 697 oppetiisset,

253 697 343 765 Intus
358 699 523 768 nbinsane
536 705 902 796 eonjugetnrpeesput,
1184 719 1249 780 360

212 795 318 879 Quem
332 798 372 864 de
381 799 511 885 justitie
523 803 670 889 eoepisset
683 807 895 888 sermocinari,

253 896 300 963 Et
313 897 388 963 vitae
402 898 538 966 dominis
552 901 688 970 seribere
697 904 773 990 jure
785 929 861 972 snae.

209 993 245 1059 N
246 1018 361 1080 amque
375 999 415 1063 eb
430 1020 468 1064 eo
482 999 577 1064 multi
589 1000 771 1070 didicerunt
783 1005 912 1090 publica
925 1005 1028 1094 primo

253 1093 415 1174 Censuris,
430 1096 526 1176 nives,
541 1100 676 1167 subdere
685 1102 761 1188 jure
774 1104 859 1169 suis:

209 1190 418 1279 Seribereque
431 1195 473 1262 ad
485 1196 602 1283 vulgus
615 1210 776 1287 prseeepte
788 1201 919 1288 politica
931 1204 1024 1271 stulti

251 1291 417 1372 Certatim,
433 1304 471 1361 ut
484 1296 600 1363 stultos
613 1298 715 1384 glorie
727 1323 810 1366 vens
818 1301 926 1387 jubet=

207 1390 262 1470 Et,
278 1393 434 1460 libertatis
448 1396 589 1482 specioso
603 1397 741 1477 nomine,
756 1399 843 1487 leges

248 1491 284 1556 N
284 1493 433 1580 egligere,
448 1504 483 1561 et
495 1518 587 1583 reges
600 1519 668 1563 esse
683 1508 797 1583 putere
810 1498 912 1584 lupos.

207 1589 297 1673 Quos
311 1593 396 1659 inter
410 1592 577 1682 stagyfita
590 1595 663 1674 suit,
678 1596 755 1663 lieet
766 1597 835 1684 ipse
848 1598 980 1685 tyranni

246 1689 734 1782 Doctorerntmngnimngnus
748 1694 954 1764 Aristoteles.
1178 1706 1242 1769 370

206 1788 311 1872 Quem
326 1790 449 1870 Cicero,
464 1803 498 1860 et
514 1792 644 1872 Seneca,
660 1793 868 1879 Taeitnsque,
882 1804 917 1862 et
930 1792 1018 1864 mille
1032 1795 1142 1876 secuti,

245 1889 353 1976 Reges
366 1913 425 1957 nos
438 1901 564 1958 nostros
577 1892 752 1959 dedoeuere
766 1892 843 1979 peti.

204 1986 267 2053 His
281 1989 498 2057 democratieis
511 1991 603 2058 lectis
617 1991 814 2069 authoribus,
829 1989 936 2077 etqui

244 2086 305 2152 Nil
318 2087 498 2154 libertatem
512 2089 690 2176 significare
702 2100 820 2178 putent

202 2184 425 2272 Praeterquam
439 2187 509 2254 viee
522 2210 685 2274 quemque
699 2212 757 2255 sue
769 2210 916 2276 regnare:
932 2187 1070 2256 nesnndn

245 2284 286 2351 In
300 2285 425 2373 Regem
439 2287 524 2354 eives
538 2310 627 2354 arms
640 2288 743 2355 tulere
757 2310 861 2354 suum.

203 2383 278 2467 Quo
291 2386 376 2452 bello
390 2387 511 2473 periere
525 2387 629 2455 virum
644 2409 743 2474 prope
757 2386 857 2452 millis
871 2395 1011 2465 eentum,

243 2483 290 2550 Et
304 2484 408 2551 vietus
422 2485 551 2551 tandem
565 2485 640 2552 Rex
648 2486 817 2573 jugulatus
836 2495 913 2552 eret

202 2583 298 2667 Quod
312 2584 382 2650 fieri
396 2584 519 2651 facinus
532 2585 622 2672 plebs
636 2608 802 2671 nunquam
816 2607 908 2671 pessa
922 2584 1046 2664 suisset,

243 2682 874 2770 Meximnnieleripnrsanimasseteos.
1175 2691 1239 2751 380

201 2780 291 2849 Grex
305 2782 493 2848 Aristotelis
506 2782 571 2848 fuit
584 2782 659 2860 hie;
682 2782 919 2870 metaphysieus
934 2792 1031 2868 atque

241 2879 400 2968 Physiens
415 2890 448 2946 et
461 2880 584 2968 logicus
597 2880 838 2967 rhetoricusque
852 2881 965 2959 simul;

199 2979 245 3045 Et
259 3003 395 3065 quornm
409 2980 549 3048 mandris
562 3003 649 3047 nunc
663 2992 713 3048 est
727 2982 916 3048 Acunum
929 3003 1057 3060 nomen,

241 3080 364 3146 Noster
376 3089 445 3146 erat
458 3088 567 3167 pastor
580 3102 722 3145 summus
734 3079 937 3146 Aristoteles.

199 3183 265 3247 See.
287 3179 366 3246 Non
380 3178 464 3245 tenti
477 3189 557 3265 puto
570 3179 651 3246 seire
664 3178 728 3244 fuit
744 3180 856 3245 Groeee
869 3190 968 3264 atque
982 3178 1121 3245 Latine:

240 3279 276 3344 N
277 3301 313 3345 ec
326 3301 410 3344 nove
423 3301 487 3344 vox
497 3277 600 3363 pretio
613 3276 777 3364 sanguinis
791 3287 900 3364 empta
912 3277 1038 3364 planen.

200 3375 274 3459 Quo
288 3377 380 3445 nobis
393 3377 498 3443 minus
512 3399 580 3442 esse
594 3376 670 3443 lieet
683 3376 830 3444 felicibus
844 3379 965 3462 nbsqne

240 3476 379 3563 Linguis
392 3474 543 3552 externis,
559 3497 656 3560 quam
669 3475 734 3542 fuit
748 3475 917 3562 Assyriis?

199 3573 268 3642 Cur
281 3584 433 3641 contentu
442 3597 501 3641 sue
514 3573 578 3639 fuit
591 3597 656 3640 una
670 3573 797 3641 Graecie
811 3575 922 3662 lingue

241 3674 388 3752 Gnrrule,
404 3696 463 3740 nee
477 3673 572 3760 petiit
585 3675 682 3739 verbs
695 3673 815 3739 Latine
828 3675 939 3761 prior?
1171 3677 1235 3739 390

198 3774 306 3859 Quare
322 3773 378 3859 qui
391 3772 535 3860 linguam
548 3772 647 3838 solnm
661 3772 838 3840 addidisem
854 3772 1012 3850 Latinam,

240 3875 334 3940 Illum
348 3896 408 3939 nee
422 3872 523 3948 valde,
539 3883 756 3959 praeterenque
771 3873 863 3951 nihil,

197 3973 360 4040 Dicuntur
374 3973 480 4049 doeti3
505 3972 561 4057 qui
576 3972 637 4038 scit
651 3975 732 4039 bene
746 3972 890 4059 pluribus
905 3972 964 4050 uti,

239 4074 370 4141 Dicitur
383 4073 539 4150 indoctus,
554 4073 654 4158 plebs,
669 4072 777 4150 idiote,
793 4074 903 4139 rudis?

440 4274 447 4306 ¹
469 4272 549 4340 [Vide
563 4271 741 4337 sttsrnss,
751 4271 869 4342 Angliee,
880 4290 905 4342 p.
914 4268 988 4337 203]
