2932 5054
417 451 510 505 ·LUX
528 452 844 507 nannnnsrlcn.
1084 445 1153 512 103

112 613 426 712 vigintiquatuor
450 619 724 715 quadratorum,
744 618 773 713 3}
798 623 952 725 triginta
975 649 1039 700 sex
1062 651 1151 723 qna·
1164 654 1361 697 conploren-

113 729 328 806 dratorum:
363 748 402 807 et
430 736 481 808 sic
508 735 692 833 deinceps.
755 737 828 811 Sed
848 733 1006 829 ÷unins
1033 743 1153 817 minor
1193 736 1336 838 »⁸¹3⁴

112 856 170 915 est
193 868 302 940 quam
318 844 363 939 ἦ,
382 846 582 922 duodecem
608 849 890 946 quadratorum:
915 863 953 926 et
977 854 1058 927 haec
1084 855 1153 928 mi-

112 979 181 1028 nor
215 981 326 1054 quam
351 955 393 1053 ᾗ
416 961 548 1058 viginti
581 979 738 1059 quatuor
773 963 1047 1060 quadratorum,
1082 978 1155 1043 etc.

111 1069 212 1166 Ergo
229 1095 400 1147 excessus
418 1074 557 1148 ordinis
574 1076 773 1171 superioris
791 1101 902 1174 supra
918 1093 1063 1175 partem
1079 1095 1155 1154 ter-

112 1182 203 1256 tiam
220 1183 414 1276 inferioris,
431 1200 611 1286 perpetuo
624 1189 756 1262 crescit
773 1214 840 1286 pro
856 1215 1010 1266 numero
1027 1193 1154 1267 termi-

111 1319 244 1368 norum
262 1310 347 1393 post
363 1307 399 1373 0.
451 1299 576 1374 Quare
592 1300 624 1372 si
640 1301 752 1375 series
768 1303 946 1399 procedat
970 1306 1010 1379 in
1032 1306 1154 1379 infini-

111 1425 204 1500 tum,
222 1436 393 1488 excessus
409 1415 488 1510 ejus
505 1438 616 1511 supra
633 1415 853 1511 subtriplum
867 1417 1004 1491 ordinis
1028 1417 1152 1491 inferi·

113 1525 188 1597 oris
206 1524 245 1596 in
262 1525 447 1600 infinitum
472 1527 686 1624 augebitur:
712 1539 858 1602 tantum
881 1529 987 1604 abest
1009 1541 1052 1604 ut
1068 1553 1154 1605 eva-

111 1648 251 1711 nescat.

162 1750 293 1849 Itaque
315 1751 500 1826 Wallisius
523 1754 642 1849 primo
664 1753 847 1828 aberravit
869 1753 1061 1828 averitate
1083 1755 1154 1828 hoc

111 1861 206 1936 loco.
257 1863 402 1937 Erroris
426 1888 536 1938 causa
554 1865 697 1939 videtur
722 1865 846 1955 fuisse,
862 1863 962 1961 quod
988 1865 1155 1961 magistri

111 1975 337 2050 arithmetici
360 1976 557 2074 discipulos
581 2003 666 2053 suos
689 1978 822 2053 docere
840 1991 883 2052 ut
898 1979 1061 2052 numeris
1078 1980 1153 2053 suis

111 2101 325 2186 supponant
340 2113 399 2164 res
412 2091 508 2187 ipsas
524 2092 583 2164 vel
600 2115 722 2165 rerum
740 2092 892 2189 species,
909 2114 985 2164 non
1000 2091 1167 2166 soleant..

111 2203 259 2300 Ubique
275 2203 389 2300 igitur
405 2215 528 2300 partes
545 2205 681 2278 similes
699 2215 872 2303 tanquam
889 2205 1048 2304 aequales
1066 2227 1154 2278 con-

110 2316 311 2390 sideravitt
336 2318 520 2406 nimirum,
538 2342 606 2391 usn
630 2341 752 2391 rerum
769 2319 827 2392 vel
841 2318 981 2415 Judicio
1001 2318 1155 2392 destitu-

111 2440 183 2519 tus,
201 2431 300 2503 inter
316 2431 349 2521 l,
361 2429 425 2518 tt
442 2432 597 2522 numeri,
616 2443 655 2506 et
673 2437 706 2522 l,
719 2441 751 2523 t,
766 2434 785 2514 t
802 2432 971 2528 quadrati
988 2443 1052 2507 aut
1069 2432 1154 2506 cubi

110 2568 186 2616 non
204 2542 385 2617 distinxit.

162 2657 357 2746 Praeoerea,
370 2656 603 2730 manifestum
616 2668 673 2730 est
690 2657 799 2755 quod,
813 2681 1019 2755 quanquam
1032 2680 1153 2731 exces-

112 2793 173 2842 sus
190 2764 243 2861 -',-,
255 2765 365 2862 ᾗ·
382 2782 465 2859 etc,
477 2770 693 2867 procederet
704 2771 741 2843 in
757 2771 952 2860 infinitum,
968 2772 1153 2843 infinitum

110 2882 202 2955 illud
221 2881 330 2956 debet
354 2906 432 2956 esse
450 2883 665 2979 simpliciter
682 2884 759 2955 sine
777 2884 861 2971 fine,
884 2907 958 2956 non
987 2882 1153 2980 indefini-

111 3006 186 3069 tum
205 3008 362 3082 tantum,
379 3008 442 3068 aut
459 3005 635 3093 qnantum
660 3004 716 3067 eet
741 2994 923 3091 possibile
935 3022 950 3079 ;
975 3009 1017 3068 ut
1043 3018 1153 3068 excu-

111 3132 196 3182 sans
213 3133 253 3182 se
270 3107 318 3181 ad
337 3109 521 3182 Societam
538 3108 712 3203 Regalem
726 3107 910 3180 Wallisius
928 3106 1029 3180 dicit.
1057 3107 1155 3180 Nam

111 3221 248 3318 alioqui
267 3245 340 3295 non
359 3235 573 3317 sequeretur
589 3219 628 3292 id
645 3219 744 3316 quod
767 3220 851 3293 iude
868 3219 991 3309 infert,
1010 3244 1153 3317 nempe,

111 3358 302 3408 excessum
320 3334 423 3408 illum
441 3333 714 3406 decrescentem
737 3333 774 3404 in
792 3333 976 3406 infinitum
1004 3332 1155 3406 tandem

112 3449 346 3521 evanitnrnm
360 3470 450 3520 esse.

161 3559 391 3634 Accedamus
408 3558 456 3633 ad
473 3557 653 3630 calculum
671 3558 778 3631 seriei
796 3581 1032 3631 numerorum
1050 3555 1155 3629 cubi-

112 3698 266 3747 corum:
293 3697 375 3771 qnae
398 3683 453 3746 est
475 3672 678 3769 propositio
701 3669 958 3744 Arithmeticce
986 3670 1155 3765 Infinita

111 3810 191 3860 rum
209 3786 403 3873 xxxix,his
416 3785 554 3857 verbis:
583 3784 629 3856 Si
640 3793 880 3881 proponatur
897 3783 1016 3856 series
1038 3807 1155 3880 qaan-

112 3901 262 3975 titatum
288 3900 327 3973 in
345 3896 543 3996 triplicata
570 3896 718 3968 ratione
736 3896 968 3970 arithmetice
988 3918 1156 3993 propor-

111 4011 539 4105 tionatiun1,oioejnata
557 4009 691 4081 seriem
708 4032 938 4081 numeroram
951 4007 1156 4081 cubicorum

112 4127 281 4200 continue
304 4123 555 4211 crescentiam,
573 4148 597 4194 a
615 4132 756 4220 puncto
773 4121 831 4195 oet
846 4132 869 4197 0
887 4122 1155 4207 inchoatarum,

104 4249 204 4337 puta
224 4248 264 4313 nt
279 4247 314 4328 0,
335 4240 682 4327 1,8,27,64,erc.,·
705 4235 939 4334 propositam
960 4234 1011 4307 sit
1039 4232 1157 4330 inqui-
