2932 5054
359 441 566 499 ‚nosnrnm
586 441 909 496 cnomsrnrcnm.
1103 427 1159 492 '35

112 635 181 710 per
195 635 236 688 ω
253 611 467 701 subsistens,
485 620 523 685 et
540 610 716 685 distincta
732 635 755 684 a
772 611 928 685 scientia
949 609 1160 708 superficie·
1194 633 1279 675 mor.
1295 635 1347 674 xv.

110 750 216 800 mm:
242 736 281 799 et
296 727 378 799 haeo
395 724 570 798 distincta
585 748 608 797 a
624 724 780 798 scientia
797 724 1009 798 solidorum.
1190 704 1344 822 „qm

160 838 317 927 Deinde,
335 839 422 936 quia
439 837 664 912 mensuratio
682 838 800 911 omnis
821 837 953 933 incipit
970 862 993 910 a
1008 847 1160 936 puncto,
1190 830 1350 875 ΝΜ·

110 965 291 1051 punctum
307 965 432 1027 autem
457 951 682 1026 considerari
708 975 783 1024 non
812 963 935 1048 potest
960 962 1003 1023 ut
1028 952 1160 1047 figura·

109 1078 204 1153 tum,
222 1064 408 1163 quomodo
425 1077 552 1161 potest
575 1076 756 1161 punctum
781 1065 820 1136 in
837 1063 1007 1160 quadrati
1025 1063 1161 1159 angulo

110 1177 219 1252 aliter
236 1177 461 1252 considerari
478 1201 590 1274 quam
619 1187 661 1249 ut
688 1187 866 1273 quantum
893 1176 1044 1274 aliquod
1071 1201 1161 1273 qua-

111 1291 220 1364 drato
251 1302 290 1365 et
315 1292 394 1387 ejus
422 1291 532 1364 lateri
566 1289 785 1365 commune?
854 1291 1161 1365 consideraretur

109 1405 212 1479 enim
228 1415 272 1477 ut
289 1406 486 1499 figuratum
504 1416 543 1478 et
560 1428 634 1478 non
651 1404 863 1500 figuratum,
880 1404 1049 1478 absurde.

163 1519 357 1607 Praeterea,
376 1517 561 1614 quomodo
579 1529 703 1613 potest
721 1531 899 1612 punctum
917 1516 1018 1614 quod
1040 1527 1096 1590 est
1121 1515 1160 1588 in

112 1643 242 1704 centro
260 1630 401 1720 circuli,
418 1630 547 1704 haberi
563 1654 631 1727 pro
648 1629 776 1718 nihilo,
791 1630 936 1703 comsit
953 1627 1159 1703 divisibile?

111 1743 211 1818 Nam
228 1743 346 1817 diviso
362 1743 529 1839 quolibet
547 1754 689 1817 sectore
707 1743 746 1815 in
772 1754 897 1838 partes
914 1753 1162 1840 quotcunque,

112 1856 153 1930 in
171 1855 328 1930 totidem
346 1856 532 1930 dividetur
550 1855 663 1930 etiam
682 1866 861 1929 centrum.

164 1969 275 2043 Dicet
293 1968 390 2044 forte
407 1970 553 2067 aliquis,
572 1970 650 2043 sine
669 1970 819 2066 cognita
835 1969 1042 2064 quantitate
1067 1970 1163 2065 figuz

114 2105 241 2156 rarum
259 2083 479 2179 paucissima
495 2082 574 2156 fore
591 2083 821 2156 theoremata
838 2082 884 2156 de
897 2081 1041 2156 ratione
1051 2081 1164 2155 linea·

115 2219 200 2270 rum
248 2194 561 2285 demonstrabilia,
600 2205 845 2292 praeterquam
889 2193 1163 2269 mensuratione

115 2309 345 2387 mechanica.
406 2308 480 2382 Sed
496 2320 634 2396 errant,
652 2308 771 2405 primo
794 2308 881 2404 quia
896 2308 1057 2383 rationes
1073 2309 1165 2382 line·

114 2446 224 2498 arum
241 2422 337 2496 inter
354 2445 406 2513 se,
425 2434 463 2496 et
484 2423 687 2520 figurarum
704 2423 998 2496 constructiones
1015 2434 1053 2496 et
1078 2446 1165 2519 pas·

115 2536 239 2610 siones
267 2560 405 2626 omnes,
433 2536 631 2610 traduntur
656 2536 703 2610 ab
731 2535 886 2609 Euclide
909 2537 986 2610 sine
1015 2537 1164 2631 cognita

116 2663 183 2723 aut
200 2649 370 2745 quadrati
386 2660 451 2722 aut
468 2650 720 2746 cujuscunque
735 2650 865 2745 figurae
878 2650 1082 2747 quantitate
1099 2661 1164 2723 aut

118 2763 262 2837 ratione
279 2763 405 2858 figurae
422 2761 471 2835 ad
493 2763 663 2856 figuram.
702 2763 783 2836 Nec
800 2763 990 2860 quisquam
1007 2763 1164 2837 tentavit

117 2874 389 2971 longitudinem
406 2875 513 2949 lineae
525 2897 592 2970 per
609 2874 900 2971 magnitudinem
913 2876 1083 2973 quadrati
1101 2876 1165 2950 de-

118 2999 328 3062 monstrare
345 2997 430 3061 ante
448 2987 726 3061 Archimedem:
744 3011 813 3062 nec
830 3000 913 3084 post
930 2989 1034 3063 illum
1050 2988 1166 3086 (quod

120 3101 229 3196 scio),
246 3111 384 3197 praeter
399 3101 610 3189 Eutocium‚
628 3112 713 3175 ante
731 3101 975 3198 Copernicum
990 3134 1000 3189 ;
1018 3126 1087 3175 nec
1104 3102 1166 3175 ille

119 3214 271 3311 quidem
289 3213 555 3287 demonstravit
572 3225 754 3288 accurate.

171 3328 303 3423 Neque
329 3326 410 3399 haee
437 3325 523 3399 dico
552 3326 650 3422 quod
673 3327 906 3401 mechanicas
933 3327 1166 3424 operationes

120 3464 189 3537 pro
223 3440 398 3538 legitimis
433 3438 809 3514 demonstrationibus
839 3439 1014 3514 admissas
1044 3440 1164 3513 velim.

122 3554 197 3628 Sed
213 3553 253 3627 in
271 3552 372 3627 omni
389 3553 590 3649 quaestione
613 3554 837 3649 geometrica
863 3556 979 3629 multo
1009 3554 1171 3651 pruden-

120 3667 195 3741 tius
206 3689 286 3740 esse
299 3665 481 3752 existimo,
491 3676 578 3740 ante
587 3667 800 3740 mechanico
811 3668 1057 3741 mensurando
1069 3693 1172 3765 mag-

121 3780 330 3854 nitudinem
347 3780 539 3876 quaesitam
559 3791 737 3876 quantum
754 3792 878 3877 potest
894 3783 974 3856 fieri
991 3782 1170 3857 veritate*

121 3894 329 3992 proximam
345 3894 502 3990 assequi,
520 3905 559 3966 et
574 3892 706 3967 deinde
720 3918 869 3968 causam
887 3896 1071 3991 inquirere
1088 3921 1170 3993 pro·

120 4006 350 4106 pinquitatis,
377 4030 460 4102 quae
483 4006 633 4080 inventa
656 4007 850 4080 veritatem
882 4021 947 4081 aut
974 4008 1173 4083 falsitatem

122 4118 285 4218 deteget,
302 4142 416 4216 quam
438 4131 576 4193 temere
600 4118 753 4192 credens
778 4111 931 4195 incertae
958 4121 1088 4217 logicae
1115 4122 1174 4195 vel

518 4366 536 4401 ³
559 4365 609 4425 Sic
622 4367 690 4425 edit.
710 4366 796 4428 1671.

1015 4479 1041 4528 ο
1063 4475 1077 4518 a
