2932 5054
431 434 669 488 cunctatus
688 432 875 486 osricus.
1096 420 1165 486 241

130 613 253 676 tarum
272 600 569 676 inclinationem:
596 611 634 676 et
649 623 704 691 er,
715 600 782 674 ER
797 609 884 674 sunt
905 599 1006 674 sinus
1022 599 1171 697 angulo·
1206 630 1288 671 mon
1304 629 1358 669 ιιι.

132 739 215 788 rum
239 713 482 788 refractorum
510 715 550 788 in
576 713 698 788 medio
728 713 856 803 denso,
881 713 976 787 sicut
989 711 1042 809 fr
1058 722 1097 787 et
1116 713 1172 787 FS
1213 695 1356 733 ’ῳ

133 838 220 901 sunt
236 826 337 900 sinus
355 826 573 922 angulorum
589 826 832 902 refractorum
857 825 897 899 in
924 824 1045 899 medio
1075 849 1172 900 raro.

134 940 245 1017 Quod
262 940 314 1013 sic
327 940 516 1036 probatur.
541 939 679 1037 Auguli
692 963 760 1013 oco
776 950 814 1014 et
831 937 900 1012 acb
912 939 1020 1013 simul
1036 937 1174 1035 sumpti

133 1063 221 1127 suut
238 1051 396 1149 aequales
413 1065 536 1125 recto:
560 1052 650 1126 item
667 1050 738 1126 abc
754 1062 792 1127 et
814 1050 886 1126 acb
902 1051 1010 1127 simul
1036 1052 1174 1150 sumpti

130 1166 274 1241 faciunt
308 1176 462 1238 rectum.
513 1166 612 1262 Ergo
639 1164 788 1261 dempto
819 1164 1005 1238 communi
1038 1164 1174 1260 angulo

132 1278 212 1370 acb,
229 1289 397 1351 remanet
412 1277 483 1350 abc
499 1278 647 1374 aequalis
664 1276 800 1372 angulo
816 1276 1063 1350 inclinationis
1080 1301 1173 1351 oco:

133 1392 245 1465 ducto
263 1390 378 1488 igitur
395 1391 532 1465 circulo
549 1392 654 1487 cujus
671 1390 940 1464 semidiameter
955 1389 1005 1464 sit
1029 1387 1087 1480 ba,
1105 1390 1175 1465 erit

132 1529 184 1604 op
201 1505 303 1578 sinus
316 1504 443 1600 anguli
455 1503 716 1578 inclinationis.
766 1502 906 1576 Eodem
923 1500 1032 1576 modo
1044 1503 1173 1599 proba·

133 1630 195 1692 tur
211 1617 275 1691 ΑΡ
292 1639 371 1690 esse
389 1616 510 1689 sinum
527 1615 653 1713 anguli
675 1615 942 1690 inclinationis:
967 1626 1053 1689 suut
1076 1615 1174 1690 euim

136 1730 184 1804 ab
196 1739 234 1804 et
243 1730 310 1803 AB
322 1729 477 1826 aequales
486 1753 553 1826 per
564 1728 886 1803 constructionem.
937 1727 1078 1802 Rursus
1088 1750 1176 1825 quo·

136 1843 234 1917 niam
250 1842 407 1938 angulus
424 1841 491 1915 lece
507 1854 546 1916 et
562 1840 621 1915 lab
638 1855 695 1915 est
711 1851 865 1938 uterque
877 1851 1010 1931 rectus,
1025 1840 1175 1938 dempto

135 1956 321 2029 communi
350 1956 485 2052 angulo
515 1953 572 2028 loe
599 1966 765 2029 remanet
786 1953 853 2029 ecb
869 1954 1019 2051 aqualis
1041 1954 1175 2052 angulo

135 2068 199 2142 leel
225 2067 402 2141 refracto:
428 2068 603 2165 quoniam
628 2091 717 2163 ergo
733 2092 777 2140 cc
793 2076 850 2141 est
864 2067 1012 2164 equalis
1029 2066 1088 2154 ab,
1105 2067 1178 2142 erit

136 2206 180 2255 er
197 2180 298 2254 sinus
315 2180 441 2278 anguli
457 2181 618 2255 refracti.
668 2181 808 2255 Eadem
824 2179 998 2255 methodo
1014 2180 1178 2256 ostendi-

137 2306 200 2367 tur
215 2293 283 2367 ER
300 2316 378 2368 esse
395 2294 515 2367 sinum
532 2295 658 2391 angunli
672 2295 822 2369 refracti
838 2295 878 2368 in
897 2294 1011 2370 altera
1028 2295 1177 2370 inclina·

137 2407 249 2481 tione.
308 2407 433 2497 Porro,
465 2408 528 2480 ubi
555 2406 717 2481 medium
744 2406 946 2482 secundum
975 2414 1093 2482 rarius
1122 2421 1180 2483 est

136 2521 269 2617 primo,
280 2521 436 2618 angulus
446 2521 520 2619 qcs
526 2533 563 2595 et
574 2520 631 2594 leh
642 2533 699 2595 est
707 2531 862 2619 uterque
873 2532 1011 2595 rectus:
1030 2519 1179 2619 dempto

139 2658 227 2732 ergo
263 2634 448 2708 communi
473 2634 609 2731 angulo
634 2633 701 2732 lcf,
731 2648 897 2708 remanet
931 2634 1086 2731 angulus
1101 2633 1180 2732 fcb

139 2747 289 2845 aqualis
306 2747 441 2843 angulo
459 2747 617 2821 refracto
628 2747 708 2845 pel.
759 2747 825 2820 Est
842 2746 985 2843 ergofa
1002 2748 1101 2821 sinus
1117 2772 1178 2820 an·

139 2861 216 2957 guli
232 2859 406 2933 refracti:
433 2872 471 2934 et
487 2884 554 2956 per
571 2859 725 2933 eandem
742 2860 921 2934 rationem
938 2860 993 2933 FS
1008 2870 1063 2933 est
1079 2859 1180 2933 sinus

140 2974 265 3070 anguli
301 2972 448 3046 refracti
479 2971 519 3045 in
546 2972 783 3046 inclinatione
817 2973 942 3047 altera.
997 2971 1180 3046 Quoniam

141 3111 230 3184 ergo
248 3096 363 3159 estut
380 3109 431 3182 ap
446 3085 495 3157 ad
513 3108 556 3159 cr
573 3087 631 3158 vel
645 3085 698 3183 ss
714 3086 753 3159 in
771 3110 845 3160 una
860 3085 1109 3172 inclinatione,
1127 3084 1182 3158 ita

141 3201 205 3275 ΑΡ
217 3200 265 3274 ad
281 3200 348 3272 ER
360 3199 418 3272 vel
436 3199 490 3272 FS
502 3198 540 3271 iu
554 3201 668 3272 altera
685 3199 932 3288 inclinatione,
947 3198 1017 3271 erit
1026 3210 1068 3271 ut
1080 3198 1180 3271 sinus

142 3313 268 3409 anguli
285 3311 531 3385 inclinationis
548 3311 596 3384 ad
613 3312 733 3384 sinum
750 3310 875 3407 auguli
892 3310 1040 3385 refracti
1056 3311 1096 3384 in
1109 3334 1183 3384 una

142 3425 392 3513 inclinatione,
409 3424 463 3497 ita
480 3424 580 3497 sinus
597 3425 721 3521 anguli
738 3424 983 3497 inclinationis
1001 3421 1048 3496 ad
1062 3422 1183 3496 sinum

143 3538 269 3634 anguli
286 3537 434 3611 refracti
461 3537 499 3609 iu
517 3537 633 3610 altera
650 3538 899 3625 inclinatione,
917 3537 993 3610 sive
1010 3535 1183 3609 refractio

143 3652 210 3724 fiat
226 3673 352 3724 versus
367 3649 668 3746 perpendiculum
687 3651 761 3722 sive
780 3648 827 3722 ad
851 3662 974 3745 partes
990 3673 1013 3722 a
1029 3671 1184 3745 perpen-

145 3763 267 3837 diculo
285 3785 441 3835 aversas.
494 3762 612 3856 Igitur
629 3761 660 3834 si
683 3761 756 3835 siut
781 3761 862 3834 duae
880 3761 1053 3857 qualibet
1079 3758 1184 3848 incli-

145 3877 312 3949 nationes
330 3888 401 3947 etc.
454 3873 565 3950 Quod
583 3886 663 3946 erat
678 3873 917 3970 probandum.

510 4079 770 4153 corollarium.

199 4221 242 4293 lu
259 4221 398 4316 majore
416 4220 550 4315 angulo
568 4217 815 4291 inclinationis
829 4218 946 4311 major
959 4226 1014 4288 est
1031 4213 1185 4310 angulus

148 4332 338 4422 refractus,
357 4333 395 4405 in
413 4332 554 4406 minore
580 4333 711 4405 minor.
763 4331 914 4427 Majoris
937 4331 1036 4403 enim
1061 4328 1185 4425 auguli

249 4468 342 4521 von.
358 4468 397 4519 v,
1059 4464 1085 4514 u
