2932 5054
506 468 836 522 accessissrrcs.
1121 456 1195 524 333

159 635 384 702 Absurdumve
398 634 526 720 aliquod
542 646 700 703 sustentat
714 638 831 723 dogma
843 635 984 713 bifurcis,

201 734 298 800 Unde
313 745 445 822 stupens
459 735 584 822 capitur
598 737 656 821 qui
670 736 734 803 fuit
747 747 822 803 ante
836 746 934 802 catus.
1111 736 1194 802 1270

157 833 265 899 Debet
279 844 314 899 et
326 834 366 899 ad
380 846 492 920 gentes
506 835 697 922 longinquas
711 836 850 913 mittere,
866 835 981 902 scitum

203 931 322 1014 Quales
337 944 430 1009 sunt;
453 934 516 1000 illis
531 935 634 1020 qualis
649 945 682 1001 et
696 958 767 1001 esca
778 936 891 1022 placet.

161 1031 241 1097 Indo
256 1054 403 1116 namque,
422 1031 561 1119 Scythae,
576 1034 743 1119 divisoque
757 1036 833 1101 orbe
847 1034 1014 1111 Britanno,

202 1129 264 1195 Est
278 1130 392 1208 anima,
408 1141 441 1196 et
455 1132 574 1198 salvam
589 1155 655 1198 rem
671 1133 761 1220 cupit
775 1156 843 1199 esse
858 1156 956 1199 suam.

160 1229 207 1295 Et
220 1229 256 1293 N
257 1253 335 1296 ovus
351 1231 447 1298 Orbis
461 1232 566 1310 habet,
583 1232 758 1317 Tellusque
773 1232 951 1320 Incognita,
966 1231 1082 1297 multas

204 1328 276 1395 Nee
290 1330 397 1416 nigras
411 1331 541 1411 animas,
556 1355 688 1418 corpora
702 1333 793 1418 nigra
806 1333 890 1398 licet

162 1429 367 1514 Argentique
381 1430 478 1496 habet
492 1431 556 1508 illa,
572 1442 605 1497 et
619 1432 693 1498 flavi
708 1432 811 1497 frusta
825 1431 964 1497 metalli:

205 1529 286 1593 Haec
301 1528 361 1593 sibi
375 1551 416 1594 ne
431 1542 561 1614 pereant
575 1529 666 1616 Papa
679 1552 790 1596 cavere
804 1530 893 1595 solet.

163 1626 252 1710 Quos
266 1637 398 1714 premet,
413 1637 447 1693 et
461 1628 578 1712 quibus
592 1628 779 1716 indulgebit,
795 1628 827 1692 id
842 1639 891 1694 est
905 1629 969 1694 sale
983 1638 1112 1716 sparget

202 1725 308 1814 Reges
323 1738 356 1791 et
370 1748 524 1813 proceres,
538 1727 715 1814 abjicietve,
731 1738 842 1814 putat:
1114 1731 1197 1792 1280

161 1824 208 1890 Et
222 1848 301 1910 quos
315 1835 388 1911 post
402 1835 536 1891 mortem
550 1825 621 1912 (sed
635 1827 731 1913 longo
745 1825 903 1913 tempore)
918 1825 1011 1892 Divis

204 1924 312 1991 Debet
326 1937 463 1991 sacratos
477 1926 682 1992 adnumerare
697 1925 770 1991 suis

164 2028 215 2095 Ut
229 2028 293 2094 sale
306 2027 422 2106 durati,
438 2029 555 2095 darant
568 2029 602 2092 hi
618 2028 762 2115 pluribus
776 2028 878 2106 annis,

206 2126 283 2192 Non
297 2150 413 2215 magno
427 2128 529 2214 pretio
545 2150 624 2213 quos
638 2127 699 2194 sibi
713 2149 833 2214 pauper
848 2137 942 2194 emat.

164 2224 321 2311 Denique,
334 2226 419 2311 quod
433 2227 570 2312 primum
586 2238 644 2305 est,
659 2227 758 2293 claras
773 2250 838 2293 non
851 2227 987 2315 negligit
1001 2227 1054 2291 ille

206 2325 312 2402 Natis,
328 2326 480 2413 cognatis,
496 2326 651 2392 aedificare
664 2349 760 2393 casas.

164 2424 278 2490 Plures
292 2424 485 2490 Pontificum
500 2436 576 2491 sunt
590 2447 694 2491 curta:
718 2448 798 2511 quas
811 2447 978 2491 numerare

206 2523 346 2591 Difficile
360 2533 418 2601 est,
433 2535 571 2591 mentem
587 2525 621 2590 ni
631 2527 725 2611 juvet
738 2525 815 2592 ordo
829 2548 942 2591 meam.

165 2623 257 2692 Ostia
271 2625 326 2691 sed
341 2624 423 2692 fusci
437 2627 528 2692 stabo
542 2625 761 2713 Polyphemus
775 2626 815 2691 ad
829 2625 932 2691 antri:

207 2724 321 2809 thue
335 2725 419 2790 foras
433 2725 547 2803 tendit,
563 2748 723 2810 quemque
738 2726 855 2791 notabo
868 2724 985 2790 dolum.

164 2823 230 2889 Sec.
253 2824 327 2889 Hae
340 2823 474 2889 nimium
491 2845 600 2891 vereor
613 2847 655 2890 ne
669 2825 713 2889 sit
725 2823 864 2889 narratio
878 2823 992 2911 longa:

206 2921 310 2988 Fraus
324 2922 432 3008 potuit
444 2922 553 2988 doctos
567 2923 656 2988 nulla
669 2923 768 2989 latere
782 2945 880 2989 senes

166 3019 197 3088 Ο
212 3031 368 3106 quantum
382 3020 503 3086 fraudis
518 3032 684 3088 sexcentos
699 3044 789 3108 posse
804 3045 861 3108 per
875 3044 984 3096 annos,

208 3120 365 3206 Milleque
379 3123 420 3187 ab
434 3121 571 3208 ingeniis
585 3143 725 3209 surgere,
740 3121 850 3198 credis,
866 3121 967 3207 opus?

166 3219 309 3308 Tempus
323 3220 414 3287 adest
427 3242 532 3298 coena,
547 3243 652 3286 serum
668 3231 717 3286 est
731 3242 914 3306 percurrere
928 3228 1061 3285 cuncta:
1104 3304 1107 3310 Ι

209 3318 367 3397 Crastina,
383 3318 411 3385 si
428 3317 477 3386 vis
491 3329 539 3397 tu,
554 3318 647 3385 finiet
660 3318 715 3384 illa
728 3319 803 3384 dies.

167 3419 226 3484 Pr.
243 3419 321 3486 Non
330 3440 437 3486 serum
446 3428 597 3496 estmeus
606 3439 678 3484 eece
687 3420 790 3484 bonus
800 3416 1030 3484 Chronometra
1040 3416 1117 3502 quid
1129 3416 1249 3502 inquit:

209 3518 347 3585 Praecise
361 3527 484 3585 sextam
498 3517 725 3601 dimidiamque
739 3526 838 3582 notat.

169 3617 312 3705 Septima
325 3618 462 3685 sermoni
476 3617 573 3683 finem
588 3616 685 3683 saciet
698 3626 776 3682 nota
789 3626 907 3694 nostro,

211 3716 288 3785 Otia
302 3740 342 3782 ne
357 3741 422 3784 non
436 3718 491 3784 det
505 3717 644 3784 crastina
657 3716 740 3783 forte
755 3716 832 3782 dies.
1120 3719 1204 3779 1300

169 3815 292 3883 Praeter
305 3816 331 3882 J
332 3817 445 3895 udaeos,
462 3817 585 3884 Gentes
599 3816 684 3882 idola
697 3816 844 3882 colebant

211 3915 342 3995 Omnes,
358 3926 392 3981 et
405 3916 550 3982 domibus
564 3917 655 4003 plura
676 3915 814 3982 habuere
829 3914 904 3980 suis.

169 4013 282 4080 Aurea
295 4013 448 4080 divitibus
462 4015 589 4079 stabant
603 4025 636 4080 et
650 4016 771 4081 eburna
784 4012 915 4090 sacellis,

212 4111 287 4176 Aut
300 4134 340 4177 ex
355 4121 496 4198 argento,
512 4122 570 4177 aut
582 4133 645 4177 aere
661 4111 883 4178 Corinthiaco:

169 4208 244 4275 Aut
258 4211 362 4275 stabat
376 4209 491 4275 summi
506 4209 620 4274 Parius
633 4209 712 4295 lapis
727 4219 794 4275 arte
805 4208 948 4294 magistri

212 4308 340 4375 Factus.
385 4307 554 4373 Materiam
569 4331 642 4373 nam
657 4309 825 4393 superabat
838 4329 926 4393 opus.

169 4407 341 4495 Ingenium
356 4408 489 4487 nullum,
503 4407 611 4494 potuit
624 4407 773 4474 facundia
786 4406 874 4472 nulla
