<?xml version="1.0" encoding="UTF-8"?>
<!DOCTYPE html PUBLIC "-//W3C//DTD XHTML 1.0 Transitional//EN"
    "http://www.w3.org/TR/xhtml1/DTD/xhtml1-transitional.dtd">
<html xmlns="http://www.w3.org/1999/xhtml" xml:lang="en" lang="en">
 <head>
  <title>
</title>
<meta http-equiv="Content-Type" content="text/html;charset=utf-8" />
  <meta name='ocr-system' content='tesseract 3.04.00' />
  <meta name='ocr-capabilities' content='ocr_page ocr_carea ocr_par ocr_line ocrx_word'/>
</head>
<body>
  <div class='ocr_page' id='page_1' title='image "./thomhobbesmalme06hobbgoog_0198.png"; bbox 0 0 2932 5054; ppageno 0'>
   <div class='ocr_carea' id='block_1_1' title="bbox 364 419 1176 494">
    <p class='ocr_par' dir='ltr' id='par_1_1' title="bbox 364 419 1176 494">
     <span class='ocr_line' id='line_1_1' title="bbox 364 419 1176 494; baseline 0.002 -10"><span class='ocrx_word' id='word_1_1' title='bbox 364 433 551 494; x_wconf 64' lang='lat' dir='ltr'>turonos</span> <span class='ocrx_word' id='word_1_2' title='bbox 569 434 844 487; x_wconf 73' lang='lat' dir='ltr'>unonnrnrch</span> <span class='ocrx_word' id='word_1_3' title='bbox 864 433 954 486; x_wconf 81' lang='lat' dir='ltr'>nuc.</span> <span class='ocrx_word' id='word_1_4' title='bbox 1111 419 1176 486; x_wconf 88' lang='lat'>191</span> 
     </span>
    </p>
   </div>
   <div class='ocr_carea' id='block_1_2' title="bbox 130 599 1370 810">
    <p class='ocr_par' dir='ltr' id='par_1_2' title="bbox 130 599 1370 810">
     <span class='ocr_line' id='line_1_2' title="bbox 131 599 1354 697; baseline -0.007 -24"><span class='ocrx_word' id='word_1_5' title='bbox 131 600 230 673; x_wconf 88' lang='lat' dir='ltr'>drati</span> <span class='ocrx_word' id='word_1_6' title='bbox 241 600 289 674; x_wconf 87' lang='lat' dir='ltr'>ad</span> <span class='ocrx_word' id='word_1_7' title='bbox 307 600 509 674; x_wconf 85' lang='lat' dir='ltr'>sectionem</span> <span class='ocrx_word' id='word_1_8' title='bbox 526 599 653 673; x_wconf 91' lang='lat' dir='ltr'>circuli</span> <span class='ocrx_word' id='word_1_9' title='bbox 670 600 837 697; x_wconf 89' lang='lat' dir='ltr'>inscripti</span> <span class='ocrx_word' id='word_1_10' title='bbox 854 611 898 673; x_wconf 94' lang='lat' dir='ltr'>ut</span> <span class='ocrx_word' id='word_1_11' title='bbox 916 609 938 672; x_wconf 99' lang='lat'><strong>5</strong></span> <span class='ocrx_word' id='word_1_12' title='bbox 956 599 1004 672; x_wconf 90' lang='lat' dir='ltr'>ad</span> <span class='ocrx_word' id='word_1_13' title='bbox 1019 608 1055 672; x_wconf 91' lang='lat'>4.</span> <span class='ocrx_word' id='word_1_14' title='bbox 1081 599 1181 695; x_wconf 86' lang='lat' dir='ltr'>Ergo</span> <span class='ocrx_word' id='word_1_15' title='bbox 1230 625 1299 668; x_wconf 76' lang='grc' dir='ltr'><strong>ιιι.</strong></span> <span class='ocrx_word' id='word_1_16' title='bbox 1311 625 1354 665; x_wconf 79' lang='lat' dir='ltr'>rx.</span> 
     </span>
     <span class='ocr_line' id='line_1_3' title="bbox 130 691 1370 810; baseline -0.003 -23"><span class='ocrx_word' id='word_1_17' title='bbox 130 725 174 787; x_wconf 77' lang='lat' dir='ltr'>ut</span> <span class='ocrx_word' id='word_1_18' title='bbox 190 713 410 810; x_wconf 83' lang='lat' dir='ltr'>quadratum</span> <span class='ocrx_word' id='word_1_19' title='bbox 427 712 563 785; x_wconf 75' lang='lat' dir='ltr'>unco</span> <span class='ocrx_word' id='word_1_20' title='bbox 580 711 629 785; x_wconf 77' lang='lat' dir='ltr'>aa</span> <span class='ocrx_word' id='word_1_21' title='bbox 646 711 824 785; x_wconf 71' lang='lat' dir='ltr'>arcuum</span> <span class='ocrx_word' id='word_1_22' title='bbox 846 712 991 800; x_wconf 81' lang='lat' dir='ltr'>cunr,</span> <span class='ocrx_word' id='word_1_23' title='bbox 1010 709 1049 784; x_wconf 83' lang='grc' dir='ltr'>ιι</span> <span class='ocrx_word' id='word_1_24' title='bbox 1067 722 1123 784; x_wconf 78' lang='lat' dir='ltr'>est</span> <span class='ocrx_word' id='word_1_25' title='bbox 1140 722 1181 784; x_wconf 82' lang='lat' dir='ltr'>ut</span> <span class='ocrx_word' id='word_1_26' title='bbox 1208 691 1370 801; x_wconf 55' lang='grc' dir='ltr'>ῃῑῖῑιζξ.</span> 
     </span>
    </p>
   </div>
   <div class='ocr_carea' id='block_1_3' title="bbox 132 823 1368 4430">
    <p class='ocr_par' dir='ltr' id='par_1_3' title="bbox 132 823 1368 1148">
     <span class='ocr_line' id='line_1_4' title="bbox 133 823 1368 927; baseline -0.002 -27"><span class='ocrx_word' id='word_1_27' title='bbox 133 837 154 900; x_wconf 95' lang='lat'><strong>5</strong></span> <span class='ocrx_word' id='word_1_28' title='bbox 174 826 224 899; x_wconf 88' lang='lat' dir='ltr'>ad</span> <span class='ocrx_word' id='word_1_29' title='bbox 240 836 275 916; x_wconf 91' lang='lat'>4,</span> <span class='ocrx_word' id='word_1_30' title='bbox 299 825 363 914; x_wconf 89' lang='lat' dir='ltr'>ita,</span> <span class='ocrx_word' id='word_1_31' title='bbox 382 849 448 921; x_wconf 93' lang='lat' dir='ltr'>per</span> <span class='ocrx_word' id='word_1_32' title='bbox 464 824 580 896; x_wconf 84' lang='lat' dir='ltr'><strong>Elem.</strong></span> <span class='ocrx_word' id='word_1_33' title='bbox 599 823 647 895; x_wconf 87' lang='lat' dir='ltr'>vi.</span> <span class='ocrx_word' id='word_1_34' title='bbox 669 848 775 920; x_wconf 90' lang='lat' dir='ltr'><strong>prop.</strong></span> <span class='ocrx_word' id='word_1_35' title='bbox 798 832 830 914; x_wconf 85' lang='lat'>1,</span> <span class='ocrx_word' id='word_1_36' title='bbox 854 834 962 897; x_wconf 90' lang='lat' dir='ltr'>erunt</span> <span class='ocrx_word' id='word_1_37' title='bbox 980 846 1107 897; x_wconf 90' lang='lat' dir='ltr'>omues</span> <span class='ocrx_word' id='word_1_38' title='bbox 1131 823 1180 897; x_wconf 88' lang='lat' dir='ltr'>si·</span> <span class='ocrx_word' id='word_1_39' title='bbox 1207 829 1368 927; x_wconf 54' lang='lat' dir='ltr'>fffflw·</span> 
     </span>
     <span class='ocr_line' id='line_1_5' title="bbox 132 936 1183 1025; baseline -0.002 -13"><span class='ocrx_word' id='word_1_40' title='bbox 132 940 210 1012; x_wconf 92' lang='lat' dir='ltr'>mul</span> <span class='ocrx_word' id='word_1_41' title='bbox 237 939 420 1012; x_wconf 86' lang='lat' dir='ltr'>sectiones</span> <span class='ocrx_word' id='word_1_42' title='bbox 438 937 534 1025; x_wconf 92' lang='lat' dir='ltr'>cubi,</span> <span class='ocrx_word' id='word_1_43' title='bbox 552 936 593 1010; x_wconf 92' lang='lat' dir='ltr'>id</span> <span class='ocrx_word' id='word_1_44' title='bbox 616 947 673 1010; x_wconf 92' lang='lat' dir='ltr'>est</span> <span class='ocrx_word' id='word_1_45' title='bbox 696 937 825 1024; x_wconf 90' lang='lat' dir='ltr'>cubus,</span> <span class='ocrx_word' id='word_1_46' title='bbox 848 937 897 1011; x_wconf 94' lang='lat' dir='ltr'>ad</span> <span class='ocrx_word' id='word_1_47' title='bbox 923 961 1051 1011; x_wconf 89' lang='lat' dir='ltr'>omnes</span> <span class='ocrx_word' id='word_1_48' title='bbox 1073 936 1183 1010; x_wconf 88' lang='lat' dir='ltr'>simul</span> 
     </span>
     <span class='ocr_line' id='line_1_6' title="bbox 132 1049 854 1148; baseline 0.001 -24"><span class='ocrx_word' id='word_1_49' title='bbox 132 1055 313 1126; x_wconf 85' lang='lat' dir='ltr'>sectiones</span> <span class='ocrx_word' id='word_1_50' title='bbox 331 1051 500 1148; x_wconf 90' lang='lat' dir='ltr'>cylindri,</span> <span class='ocrx_word' id='word_1_51' title='bbox 518 1049 557 1123; x_wconf 94' lang='lat' dir='ltr'>id</span> <span class='ocrx_word' id='word_1_52' title='bbox 576 1060 692 1124; x_wconf 91' lang='lat' dir='ltr'>estut</span> <span class='ocrx_word' id='word_1_53' title='bbox 710 1059 731 1123; x_wconf 95' lang='lat'><strong>5</strong></span> <span class='ocrx_word' id='word_1_54' title='bbox 751 1051 800 1124; x_wconf 92' lang='lat' dir='ltr'>ad</span> <span class='ocrx_word' id='word_1_55' title='bbox 816 1060 854 1125; x_wconf 91' lang='lat'>4.</span> 
     </span>
    </p>

    <p class='ocr_par' dir='ltr' id='par_1_4' title="bbox 134 1163 1291 2497">
     <span class='ocr_line' id='line_1_7' title="bbox 185 1163 1182 1261; baseline 0 -23"><span class='ocrx_word' id='word_1_56' title='bbox 185 1186 231 1238; x_wconf 94' lang='lat'>11.</span> <span class='ocrx_word' id='word_1_57' title='bbox 259 1164 476 1261; x_wconf 85' lang='lat' dir='ltr'>Superficies</span> <span class='ocrx_word' id='word_1_58' title='bbox 494 1163 579 1237; x_wconf 92' lang='lat' dir='ltr'>cubi</span> <span class='ocrx_word' id='word_1_59' title='bbox 597 1163 646 1236; x_wconf 87' lang='lat' dir='ltr'>ad</span> <span class='ocrx_word' id='word_1_60' title='bbox 662 1164 894 1260; x_wconf 88' lang='lat' dir='ltr'>superficiem</span> <span class='ocrx_word' id='word_1_61' title='bbox 918 1164 989 1238; x_wconf 91' lang='lat' dir='ltr'>sibi</span> <span class='ocrx_word' id='word_1_62' title='bbox 1011 1163 1182 1261; x_wconf 87' lang='lat' dir='ltr'>inscripti</span> 
     </span>
     <span class='ocr_line' id='line_1_8' title="bbox 135 1276 1183 1374; baseline -0.001 -23"><span class='ocrx_word' id='word_1_63' title='bbox 135 1276 291 1374; x_wconf 88' lang='lat' dir='ltr'>cylindri</span> <span class='ocrx_word' id='word_1_64' title='bbox 309 1289 423 1351; x_wconf 91' lang='lat' dir='ltr'>estut</span> <span class='ocrx_word' id='word_1_65' title='bbox 442 1287 463 1350; x_wconf 93' lang='lat'><strong>5</strong></span> <span class='ocrx_word' id='word_1_66' title='bbox 489 1277 536 1350; x_wconf 90' lang='lat' dir='ltr'>ad</span> <span class='ocrx_word' id='word_1_67' title='bbox 552 1285 586 1350; x_wconf 95' lang='grc'>4.</span> <span class='ocrx_word' id='word_1_68' title='bbox 639 1278 707 1350; x_wconf 86' lang='lat' dir='ltr'>Est</span> <span class='ocrx_word' id='word_1_69' title='bbox 730 1278 829 1350; x_wconf 91' lang='lat' dir='ltr'>euim</span> <span class='ocrx_word' id='word_1_70' title='bbox 856 1277 1067 1374; x_wconf 87' lang='lat' dir='ltr'>superficies</span> <span class='ocrx_word' id='word_1_71' title='bbox 1097 1277 1183 1351; x_wconf 93' lang='lat' dir='ltr'>cubi</span> 
     </span>
     <span class='ocr_line' id='line_1_9' title="bbox 134 1390 1182 1489; baseline 0.002 -26"><span class='ocrx_word' id='word_1_72' title='bbox 134 1390 284 1487; x_wconf 85' lang='lat' dir='ltr'>aequalis</span> <span class='ocrx_word' id='word_1_73' title='bbox 303 1415 367 1464; x_wconf 87' lang='lat' dir='ltr'>sex</span> <span class='ocrx_word' id='word_1_74' title='bbox 385 1390 573 1489; x_wconf 88' lang='lat' dir='ltr'>quadratis</span> <span class='ocrx_word' id='word_1_75' title='bbox 590 1416 613 1465; x_wconf 90' lang='lat' dir='ltr'>a</span> <span class='ocrx_word' id='word_1_76' title='bbox 629 1391 744 1465; x_wconf 88' lang='lat' dir='ltr'>latere</span> <span class='ocrx_word' id='word_1_77' title='bbox 762 1392 838 1466; x_wconf 87' lang='lat' dir='ltr'>sive</span> <span class='ocrx_word' id='word_1_78' title='bbox 864 1391 1060 1465; x_wconf 86' lang='lat' dir='ltr'>altitudine</span> <span class='ocrx_word' id='word_1_79' title='bbox 1084 1391 1182 1465; x_wconf 79' lang='lat' dir='ltr'>cubi.</span> 
     </span>
     <span class='ocr_line' id='line_1_10' title="bbox 136 1503 1183 1602; baseline 0 -25"><span class='ocrx_word' id='word_1_80' title='bbox 136 1503 301 1600; x_wconf 80' lang='lat' dir='ltr'>Cylindri</span> <span class='ocrx_word' id='word_1_81' title='bbox 323 1516 447 1578; x_wconf 89' lang='lat' dir='ltr'>autem</span> <span class='ocrx_word' id='word_1_82' title='bbox 472 1505 704 1602; x_wconf 88' lang='lat' dir='ltr'>superficiem</span> <span class='ocrx_word' id='word_1_83' title='bbox 727 1503 807 1578; x_wconf 86' lang='lat' dir='ltr'>siue</span> <span class='ocrx_word' id='word_1_84' title='bbox 830 1504 978 1578; x_wconf 83' lang='lat' dir='ltr'>basibus</span> <span class='ocrx_word' id='word_1_85' title='bbox 1003 1503 1183 1601; x_wconf 86' lang='lat' dir='ltr'>aequalem</span> 
     </span>
     <span class='ocr_line' id='line_1_11' title="bbox 134 1616 1184 1713; baseline 0 -23"><span class='ocrx_word' id='word_1_86' title='bbox 134 1640 214 1690; x_wconf 90' lang='lat' dir='ltr'>esse</span> <span class='ocrx_word' id='word_1_87' title='bbox 240 1629 398 1712; x_wconf 87' lang='lat' dir='ltr'>quatuor</span> <span class='ocrx_word' id='word_1_88' title='bbox 424 1617 570 1691; x_wconf 89' lang='lat' dir='ltr'>circulis</span> <span class='ocrx_word' id='word_1_89' title='bbox 597 1617 636 1691; x_wconf 91' lang='lat' dir='ltr'>in</span> <span class='ocrx_word' id='word_1_90' title='bbox 664 1616 809 1713; x_wconf 84' lang='lat' dir='ltr'>sphaera</span> <span class='ocrx_word' id='word_1_91' title='bbox 835 1616 1016 1706; x_wconf 85' lang='lat' dir='ltr'>maximis,</span> <span class='ocrx_word' id='word_1_92' title='bbox 1035 1629 1075 1689; x_wconf 90' lang='lat' dir='ltr'>et</span> <span class='ocrx_word' id='word_1_93' title='bbox 1099 1641 1184 1690; x_wconf 91' lang='lat' dir='ltr'>cum</span> 
     </span>
     <span class='ocr_line' id='line_1_12' title="bbox 134 1730 1184 1818; baseline 0.002 -16"><span class='ocrx_word' id='word_1_94' title='bbox 134 1730 283 1803; x_wconf 84' lang='lat' dir='ltr'>basibus</span> <span class='ocrx_word' id='word_1_95' title='bbox 297 1753 360 1803; x_wconf 86' lang='lat' dir='ltr'>sex</span> <span class='ocrx_word' id='word_1_96' title='bbox 373 1730 531 1818; x_wconf 91' lang='lat' dir='ltr'>circulis,</span> <span class='ocrx_word' id='word_1_97' title='bbox 544 1730 810 1804; x_wconf 85' lang='lat' dir='ltr'>demonstravit</span> <span class='ocrx_word' id='word_1_98' title='bbox 827 1730 1080 1817; x_wconf 72' lang='lat' dir='ltr'>Archimedes</span> <span class='ocrx_word' id='word_1_99' title='bbox 1092 1730 1184 1804; x_wconf 84' lang='lat' dir='ltr'>libi</span> 
     </span>
     <span class='ocr_line' id='line_1_13' title="bbox 136 1842 1184 1941; baseline 0.001 -25"><span class='ocrx_word' id='word_1_100' title='bbox 136 1843 197 1916; x_wconf 83' lang='lat' dir='ltr'>Dc</span> <span class='ocrx_word' id='word_1_101' title='bbox 223 1842 385 1941; x_wconf 83' lang='lat' dir='ltr'>Sphaera</span> <span class='ocrx_word' id='word_1_102' title='bbox 408 1852 446 1915; x_wconf 84' lang='lat' dir='ltr'>et</span> <span class='ocrx_word' id='word_1_103' title='bbox 466 1843 660 1940; x_wconf 67' lang='lat' dir='ltr'>cylindro.</span> <span class='ocrx_word' id='word_1_104' title='bbox 713 1842 812 1917; x_wconf 86' lang='lat' dir='ltr'>Tota</span> <span class='ocrx_word' id='word_1_105' title='bbox 834 1867 922 1940; x_wconf 85' lang='lat' dir='ltr'>ergo</span> <span class='ocrx_word' id='word_1_106' title='bbox 941 1843 1099 1940; x_wconf 88' lang='lat' dir='ltr'>cylindri</span> <span class='ocrx_word' id='word_1_107' title='bbox 1126 1866 1184 1917; x_wconf 88' lang='lat' dir='ltr'>su·</span> 
     </span>
     <span class='ocr_line' id='line_1_14' title="bbox 135 1955 1184 2053; baseline 0.003 -25"><span class='ocrx_word' id='word_1_108' title='bbox 135 1955 304 2052; x_wconf 87' lang='lat' dir='ltr'>perficies</span> <span class='ocrx_word' id='word_1_109' title='bbox 317 1955 468 2052; x_wconf 87' lang='lat' dir='ltr'>aequalis</span> <span class='ocrx_word' id='word_1_110' title='bbox 481 1968 537 2029; x_wconf 90' lang='lat' dir='ltr'>est</span> <span class='ocrx_word' id='word_1_111' title='bbox 550 1979 614 2029; x_wconf 86' lang='lat' dir='ltr'>sex</span> <span class='ocrx_word' id='word_1_112' title='bbox 628 1956 775 2030; x_wconf 88' lang='lat' dir='ltr'>circulis</span> <span class='ocrx_word' id='word_1_113' title='bbox 788 1957 827 2030; x_wconf 90' lang='lat' dir='ltr'>in</span> <span class='ocrx_word' id='word_1_114' title='bbox 842 1957 985 2053; x_wconf 88' lang='lat' dir='ltr'>sphaera</span> <span class='ocrx_word' id='word_1_115' title='bbox 1003 1957 1184 2031; x_wconf 85' lang='lat' dir='ltr'>maximis.</span> 
     </span>
     <span class='ocr_line' id='line_1_15' title="bbox 135 2069 1291 2167; baseline 0.002 -25"><span class='ocrx_word' id='word_1_116' title='bbox 135 2070 203 2142; x_wconf 84' lang='lat' dir='ltr'>Est</span> <span class='ocrx_word' id='word_1_117' title='bbox 226 2092 314 2163; x_wconf 84' lang='lat' dir='ltr'>ergo</span> <span class='ocrx_word' id='word_1_118' title='bbox 339 2069 425 2143; x_wconf 92' lang='lat' dir='ltr'>cubi</span> <span class='ocrx_word' id='word_1_119' title='bbox 453 2069 665 2166; x_wconf 89' lang='lat' dir='ltr'>superficies</span> <span class='ocrx_word' id='word_1_120' title='bbox 691 2069 740 2144; x_wconf 85' lang='lat' dir='ltr'>ud</span> <span class='ocrx_word' id='word_1_121' title='bbox 767 2070 924 2167; x_wconf 88' lang='lat' dir='ltr'>cylindri</span> <span class='ocrx_word' id='word_1_122' title='bbox 952 2071 1184 2166; x_wconf 90' lang='lat' dir='ltr'>superficiem</span> <span class='ocrx_word' id='word_1_123' title='bbox 1288 2112 1291 2119; x_wconf 87' lang='lat'>·</span> 
     </span>
     <span class='ocr_line' id='line_1_16' title="bbox 136 2183 1185 2280; baseline 0.002 -24"><span class='ocrx_word' id='word_1_124' title='bbox 136 2193 254 2256; x_wconf 87' lang='lat' dir='ltr'>totam</span> <span class='ocrx_word' id='word_1_125' title='bbox 271 2193 315 2256; x_wconf 90' lang='lat' dir='ltr'>nt</span> <span class='ocrx_word' id='word_1_126' title='bbox 331 2206 394 2256; x_wconf 84' lang='lat' dir='ltr'>sex</span> <span class='ocrx_word' id='word_1_127' title='bbox 413 2183 595 2280; x_wconf 87' lang='lat' dir='ltr'>quadrata</span> <span class='ocrx_word' id='word_1_128' title='bbox 612 2183 659 2256; x_wconf 88' lang='lat' dir='ltr'>ad</span> <span class='ocrx_word' id='word_1_129' title='bbox 677 2206 742 2257; x_wconf 86' lang='lat' dir='ltr'>sex</span> <span class='ocrx_word' id='word_1_130' title='bbox 758 2183 915 2257; x_wconf 89' lang='lat' dir='ltr'>circulos</span> <span class='ocrx_word' id='word_1_131' title='bbox 934 2183 1126 2273; x_wconf 83' lang='lat' dir='ltr'>maximos,</span> <span class='ocrx_word' id='word_1_132' title='bbox 1145 2183 1185 2259; x_wconf 93' lang='lat' dir='ltr'>id</span> 
     </span>
     <span class='ocr_line' id='line_1_17' title="bbox 137 2295 1185 2395; baseline 0.005 -28"><span class='ocrx_word' id='word_1_133' title='bbox 137 2307 206 2384; x_wconf 86' lang='lat' dir='ltr'>est,</span> <span class='ocrx_word' id='word_1_134' title='bbox 224 2306 268 2367; x_wconf 90' lang='lat' dir='ltr'>ut</span> <span class='ocrx_word' id='word_1_135' title='bbox 285 2319 401 2367; x_wconf 92' lang='lat' dir='ltr'>uuum</span> <span class='ocrx_word' id='word_1_136' title='bbox 424 2295 647 2392; x_wconf 88' lang='lat' dir='ltr'>quadratum</span> <span class='ocrx_word' id='word_1_137' title='bbox 664 2296 713 2369; x_wconf 87' lang='lat' dir='ltr'>ad</span> <span class='ocrx_word' id='word_1_138' title='bbox 736 2320 853 2371; x_wconf 91' lang='lat' dir='ltr'>unum</span> <span class='ocrx_word' id='word_1_139' title='bbox 871 2296 942 2370; x_wconf 89' lang='lat' dir='ltr'>sibi</span> <span class='ocrx_word' id='word_1_140' title='bbox 965 2297 1185 2395; x_wconf 87' lang='lat' dir='ltr'>inscriptum</span> 
     </span>
     <span class='ocr_line' id='line_1_18' title="bbox 137 2408 691 2497; baseline 0 -15"><span class='ocrx_word' id='word_1_141' title='bbox 137 2409 329 2495; x_wconf 91' lang='lat' dir='ltr'>circulum,</span> <span class='ocrx_word' id='word_1_142' title='bbox 347 2408 385 2481; x_wconf 93' lang='lat' dir='ltr'>id</span> <span class='ocrx_word' id='word_1_143' title='bbox 403 2420 470 2497; x_wconf 88' lang='lat' dir='ltr'>est,</span> <span class='ocrx_word' id='word_1_144' title='bbox 488 2420 530 2481; x_wconf 91' lang='lat' dir='ltr'>ut</span> <span class='ocrx_word' id='word_1_145' title='bbox 548 2418 569 2481; x_wconf 95' lang='lat'><strong>5</strong></span> <span class='ocrx_word' id='word_1_146' title='bbox 588 2408 637 2483; x_wconf 87' lang='lat' dir='ltr'>ad</span> <span class='ocrx_word' id='word_1_147' title='bbox 655 2418 691 2482; x_wconf 95' lang='grc'>4.</span> 
     </span>
    </p>

    <p class='ocr_par' dir='ltr' id='par_1_5' title="bbox 135 2522 1187 3753">
     <span class='ocr_line' id='line_1_19' title="bbox 186 2522 1183 2622; baseline 0.001 -26"><span class='ocrx_word' id='word_1_148' title='bbox 186 2545 253 2596; x_wconf 92' lang='grc' dir='ltr'><strong>ιιι.</strong></span> <span class='ocrx_word' id='word_1_149' title='bbox 280 2523 404 2596; x_wconf 89' lang='lat' dir='ltr'>Cubus</span> <span class='ocrx_word' id='word_1_150' title='bbox 422 2522 469 2595; x_wconf 86' lang='lat' dir='ltr'>ad</span> <span class='ocrx_word' id='word_1_151' title='bbox 487 2523 668 2618; x_wconf 88' lang='lat' dir='ltr'>sphaeram</span> <span class='ocrx_word' id='word_1_152' title='bbox 687 2523 756 2596; x_wconf 91' lang='lat' dir='ltr'>sibi</span> <span class='ocrx_word' id='word_1_153' title='bbox 775 2523 991 2622; x_wconf 90' lang='lat' dir='ltr'>inscriptam</span> <span class='ocrx_word' id='word_1_154' title='bbox 1008 2535 1065 2598; x_wconf 92' lang='lat' dir='ltr'>est</span> <span class='ocrx_word' id='word_1_155' title='bbox 1081 2535 1123 2598; x_wconf 93' lang='lat' dir='ltr'>ut</span> <span class='ocrx_word' id='word_1_156' title='bbox 1142 2532 1183 2598; x_wconf 94' lang='grc' dir='ltr'>Ι5</span> 
     </span>
     <span class='ocr_line' id='line_1_20' title="bbox 136 2636 1186 2736; baseline 0.001 -26"><span class='ocrx_word' id='word_1_157' title='bbox 136 2636 184 2710; x_wconf 87' lang='lat' dir='ltr'>ad</span> <span class='ocrx_word' id='word_1_158' title='bbox 202 2644 237 2709; x_wconf 87' lang='grc'>8.</span> <span class='ocrx_word' id='word_1_159' title='bbox 277 2636 402 2709; x_wconf 87' lang='lat' dir='ltr'>Cubus</span> <span class='ocrx_word' id='word_1_160' title='bbox 420 2636 518 2709; x_wconf 91' lang='lat' dir='ltr'>enim</span> <span class='ocrx_word' id='word_1_161' title='bbox 540 2636 587 2709; x_wconf 92' lang='lat' dir='ltr'>ad</span> <span class='ocrx_word' id='word_1_162' title='bbox 607 2636 825 2733; x_wconf 87' lang='lat' dir='ltr'>cylindrum,</span> <span class='ocrx_word' id='word_1_163' title='bbox 841 2653 886 2711; x_wconf 93' lang='lat' dir='ltr'>ut</span> <span class='ocrx_word' id='word_1_164' title='bbox 900 2642 977 2736; x_wconf 88' lang='lat' dir='ltr'>jam</span> <span class='ocrx_word' id='word_1_165' title='bbox 996 2650 1186 2713; x_wconf 88' lang='lat' dir='ltr'>ostensum</span> 
     </span>
     <span class='ocr_line' id='line_1_21' title="bbox 138 2749 1184 2848; baseline -0.001 -24"><span class='ocrx_word' id='word_1_166' title='bbox 138 2761 205 2841; x_wconf 90' lang='lat' dir='ltr'>est,</span> <span class='ocrx_word' id='word_1_167' title='bbox 225 2761 339 2823; x_wconf 90' lang='lat' dir='ltr'>estut</span> <span class='ocrx_word' id='word_1_168' title='bbox 358 2760 379 2823; x_wconf 90' lang='lat'><strong>5</strong></span> <span class='ocrx_word' id='word_1_169' title='bbox 400 2749 448 2822; x_wconf 87' lang='lat' dir='ltr'>ad</span> <span class='ocrx_word' id='word_1_170' title='bbox 465 2757 500 2822; x_wconf 92' lang='grc'>4.</span> <span class='ocrx_word' id='word_1_171' title='bbox 554 2749 753 2845; x_wconf 88' lang='lat' dir='ltr'>Cylindrus</span> <span class='ocrx_word' id='word_1_172' title='bbox 771 2762 894 2825; x_wconf 87' lang='lat' dir='ltr'>antem</span> <span class='ocrx_word' id='word_1_173' title='bbox 921 2754 968 2827; x_wconf 93' lang='lat' dir='ltr'>ad</span> <span class='ocrx_word' id='word_1_174' title='bbox 991 2752 1184 2848; x_wconf 79' lang='lat' dir='ltr'>sphaeram,</span> 
     </span>
     <span class='ocr_line' id='line_1_22' title="bbox 135 2862 1186 2962; baseline -0.001 -25"><span class='ocrx_word' id='word_1_175' title='bbox 135 2876 180 2938; x_wconf 90' lang='lat' dir='ltr'>nt</span> <span class='ocrx_word' id='word_1_176' title='bbox 207 2862 474 2937; x_wconf 89' lang='lat' dir='ltr'>demonstravit</span> <span class='ocrx_word' id='word_1_177' title='bbox 490 2862 730 2936; x_wconf 81' lang='lat' dir='ltr'>Archimedes</span> <span class='ocrx_word' id='word_1_178' title='bbox 753 2864 815 2937; x_wconf 90' lang='lat' dir='ltr'>lib.</span> <span class='ocrx_word' id='word_1_179' title='bbox 834 2866 848 2937; x_wconf 97' lang='lat' dir='ltr'>i</span> <span class='ocrx_word' id='word_1_180' title='bbox 865 2867 927 2939; x_wconf 90' lang='lat' dir='ltr'>De</span> <span class='ocrx_word' id='word_1_181' title='bbox 958 2864 1121 2962; x_wconf 81' lang='lat' dir='ltr'>Sphoerc</span> <span class='ocrx_word' id='word_1_182' title='bbox 1147 2873 1186 2936; x_wconf 80' lang='lat' dir='ltr'>et</span> 
     </span>
     <span class='ocr_line' id='line_1_23' title="bbox 138 2975 1185 3073; baseline -0.001 -24"><span class='ocrx_word' id='word_1_183' title='bbox 138 2975 329 3073; x_wconf 69' lang='lat' dir='ltr'>cylindro,</span> <span class='ocrx_word' id='word_1_184' title='bbox 348 2986 405 3048; x_wconf 92' lang='lat' dir='ltr'>est</span> <span class='ocrx_word' id='word_1_185' title='bbox 427 2985 470 3048; x_wconf 93' lang='lat' dir='ltr'>ut</span> <span class='ocrx_word' id='word_1_186' title='bbox 495 2984 518 3048; x_wconf 99' lang='lat'><strong>3</strong></span> <span class='ocrx_word' id='word_1_187' title='bbox 545 2975 593 3048; x_wconf 87' lang='lat' dir='ltr'>ad</span> <span class='ocrx_word' id='word_1_188' title='bbox 617 2985 652 3049; x_wconf 96' lang='grc'>2.</span> <span class='ocrx_word' id='word_1_189' title='bbox 705 2976 948 3073; x_wconf 78' lang='lat' dir='ltr'>componitur</span> <span class='ocrx_word' id='word_1_190' title='bbox 972 3001 1060 3072; x_wconf 88' lang='lat' dir='ltr'>crgo</span> <span class='ocrx_word' id='word_1_191' title='bbox 1089 2976 1185 3049; x_wconf 90' lang='lat' dir='ltr'>ratio</span> 
     </span>
     <span class='ocr_line' id='line_1_24' title="bbox 136 3088 1185 3186; baseline 0.002 -25"><span class='ocrx_word' id='word_1_192' title='bbox 136 3090 223 3163; x_wconf 92' lang='lat' dir='ltr'>cubi</span> <span class='ocrx_word' id='word_1_193' title='bbox 249 3088 298 3162; x_wconf 90' lang='lat' dir='ltr'>ad</span> <span class='ocrx_word' id='word_1_194' title='bbox 324 3088 505 3186; x_wconf 82' lang='lat' dir='ltr'>sphaeram</span> <span class='ocrx_word' id='word_1_195' title='bbox 535 3112 580 3161; x_wconf 89' lang='lat' dir='ltr'>ex</span> <span class='ocrx_word' id='word_1_196' title='bbox 609 3088 812 3162; x_wconf 86' lang='lat' dir='ltr'>rationibus</span> <span class='ocrx_word' id='word_1_197' title='bbox 832 3100 853 3163; x_wconf 93' lang='lat'><strong>5</strong></span> <span class='ocrx_word' id='word_1_198' title='bbox 872 3090 919 3163; x_wconf 93' lang='lat' dir='ltr'>ad</span> <span class='ocrx_word' id='word_1_199' title='bbox 938 3097 960 3162; x_wconf 91' lang='grc'><strong>4</strong></span> <span class='ocrx_word' id='word_1_200' title='bbox 980 3101 1017 3162; x_wconf 90' lang='lat' dir='ltr'>et</span> <span class='ocrx_word' id='word_1_201' title='bbox 1043 3098 1066 3161; x_wconf 88' lang='lat'><strong>3</strong></span> <span class='ocrx_word' id='word_1_202' title='bbox 1083 3089 1131 3162; x_wconf 87' lang='lat' dir='ltr'>ad</span> <span class='ocrx_word' id='word_1_203' title='bbox 1150 3095 1185 3163; x_wconf 92' lang='grc'>2.</span> 
     </span>
     <span class='ocr_line' id='line_1_25' title="bbox 136 3202 1186 3298; baseline 0.001 -23"><span class='ocrx_word' id='word_1_204' title='bbox 136 3203 218 3276; x_wconf 87' lang='lat' dir='ltr'>Fiat</span> <span class='ocrx_word' id='word_1_205' title='bbox 236 3226 325 3298; x_wconf 89' lang='lat' dir='ltr'>ergo</span> <span class='ocrx_word' id='word_1_206' title='bbox 342 3214 384 3275; x_wconf 94' lang='lat' dir='ltr'>ut</span> <span class='ocrx_word' id='word_1_207' title='bbox 399 3212 422 3275; x_wconf 89' lang='lat'><strong>3</strong></span> <span class='ocrx_word' id='word_1_208' title='bbox 440 3202 487 3275; x_wconf 86' lang='lat' dir='ltr'>ad</span> <span class='ocrx_word' id='word_1_209' title='bbox 505 3212 527 3275; x_wconf 83' lang='lat'><strong>2</strong></span> <span class='ocrx_word' id='word_1_210' title='bbox 547 3202 599 3275; x_wconf 92' lang='lat' dir='ltr'>ita</span> <span class='ocrx_word' id='word_1_211' title='bbox 616 3212 637 3274; x_wconf 95' lang='grc'><strong>4</strong></span> <span class='ocrx_word' id='word_1_212' title='bbox 653 3202 702 3275; x_wconf 89' lang='lat' dir='ltr'>ad</span> <span class='ocrx_word' id='word_1_213' title='bbox 718 3203 850 3275; x_wconf 89' lang='lat' dir='ltr'>aliam:</span> <span class='ocrx_word' id='word_1_214' title='bbox 870 3203 933 3276; x_wconf 93' lang='lat' dir='ltr'>illa</span> <span class='ocrx_word' id='word_1_215' title='bbox 943 3226 1031 3276; x_wconf 93' lang='lat' dir='ltr'>vero</span> <span class='ocrx_word' id='word_1_216' title='bbox 1045 3203 1117 3276; x_wconf 89' lang='lat' dir='ltr'>erit</span> <span class='ocrx_word' id='word_1_217' title='bbox 1130 3208 1186 3288; x_wconf 67' lang='lat'>23.</span> 
     </span>
     <span class='ocr_line' id='line_1_26' title="bbox 137 3312 1187 3412; baseline -0.002 -22"><span class='ocrx_word' id='word_1_218' title='bbox 137 3317 248 3390; x_wconf 88' lang='lat' dir='ltr'>Ratio</span> <span class='ocrx_word' id='word_1_219' title='bbox 266 3339 354 3412; x_wconf 84' lang='lat' dir='ltr'>ergo</span> <span class='ocrx_word' id='word_1_220' title='bbox 374 3325 395 3388; x_wconf 95' lang='lat'><strong>5</strong></span> <span class='ocrx_word' id='word_1_221' title='bbox 414 3314 463 3387; x_wconf 87' lang='lat' dir='ltr'>ad</span> <span class='ocrx_word' id='word_1_222' title='bbox 480 3312 525 3391; x_wconf 67' lang='lat'>23</span> <span class='ocrx_word' id='word_1_223' title='bbox 542 3315 776 3411; x_wconf 90' lang='lat' dir='ltr'>componitur</span> <span class='ocrx_word' id='word_1_224' title='bbox 803 3339 848 3388; x_wconf 88' lang='lat' dir='ltr'>ex</span> <span class='ocrx_word' id='word_1_225' title='bbox 872 3315 1076 3390; x_wconf 87' lang='lat' dir='ltr'>rationibus</span> <span class='ocrx_word' id='word_1_226' title='bbox 1101 3315 1187 3389; x_wconf 92' lang='lat' dir='ltr'>cubi</span> 
     </span>
     <span class='ocr_line' id='line_1_27' title="bbox 137 3428 1185 3528; baseline -0.004 -23"><span class='ocrx_word' id='word_1_227' title='bbox 137 3431 186 3506; x_wconf 87' lang='lat' dir='ltr'>ad</span> <span class='ocrx_word' id='word_1_228' title='bbox 203 3430 411 3528; x_wconf 89' lang='lat' dir='ltr'>cylindrum</span> <span class='ocrx_word' id='word_1_229' title='bbox 438 3440 476 3503; x_wconf 91' lang='lat' dir='ltr'>et</span> <span class='ocrx_word' id='word_1_230' title='bbox 502 3429 659 3526; x_wconf 90' lang='lat' dir='ltr'>cylindri</span> <span class='ocrx_word' id='word_1_231' title='bbox 681 3428 730 3502; x_wconf 87' lang='lat' dir='ltr'>ad</span> <span class='ocrx_word' id='word_1_232' title='bbox 754 3428 947 3525; x_wconf 82' lang='lat' dir='ltr'>sphaeram.</span> <span class='ocrx_word' id='word_1_233' title='bbox 1000 3430 1067 3502; x_wconf 85' lang='lat' dir='ltr'>Est</span> <span class='ocrx_word' id='word_1_234' title='bbox 1097 3452 1185 3525; x_wconf 85' lang='lat' dir='ltr'>ergo</span> 
     </span>
     <span class='ocr_line' id='line_1_28' title="bbox 137 3543 1185 3640; baseline -0.004 -22"><span class='ocrx_word' id='word_1_235' title='bbox 137 3546 254 3618; x_wconf 92' lang='lat' dir='ltr'>cubus</span> <span class='ocrx_word' id='word_1_236' title='bbox 270 3544 319 3617; x_wconf 84' lang='lat' dir='ltr'>ud</span> <span class='ocrx_word' id='word_1_237' title='bbox 336 3545 520 3640; x_wconf 87' lang='lat' dir='ltr'>sphaeram</span> <span class='ocrx_word' id='word_1_238' title='bbox 535 3555 579 3616; x_wconf 93' lang='lat' dir='ltr'>ut</span> <span class='ocrx_word' id='word_1_239' title='bbox 597 3553 617 3616; x_wconf 94' lang='lat'><strong>5</strong></span> <span class='ocrx_word' id='word_1_240' title='bbox 642 3543 692 3616; x_wconf 89' lang='lat' dir='ltr'>ad</span> <span class='ocrx_word' id='word_1_241' title='bbox 709 3543 774 3625; x_wconf 61' lang='lat'>24:</span> <span class='ocrx_word' id='word_1_242' title='bbox 799 3543 838 3615; x_wconf 93' lang='lat' dir='ltr'>id</span> <span class='ocrx_word' id='word_1_243' title='bbox 856 3555 922 3633; x_wconf 91' lang='lat' dir='ltr'>cst,</span> <span class='ocrx_word' id='word_1_244' title='bbox 941 3543 1185 3640; x_wconf 88' lang='lat' dir='ltr'>multiplicato</span> 
     </span>
     <span class='ocr_line' id='line_1_29' title="bbox 136 3654 680 3753; baseline -0.004 -23"><span class='ocrx_word' id='word_1_245' title='bbox 136 3672 297 3752; x_wconf 84' lang='lat' dir='ltr'>utroque</span> <span class='ocrx_word' id='word_1_246' title='bbox 314 3681 380 3753; x_wconf 88' lang='lat' dir='ltr'>per</span> <span class='ocrx_word' id='word_1_247' title='bbox 397 3666 433 3743; x_wconf 91' lang='lat'>3,</span> <span class='ocrx_word' id='word_1_248' title='bbox 449 3669 493 3730; x_wconf 92' lang='lat' dir='ltr'>ut</span> <span class='ocrx_word' id='word_1_249' title='bbox 515 3666 558 3730; x_wconf 89' lang='lat'>15</span> <span class='ocrx_word' id='word_1_250' title='bbox 578 3654 626 3729; x_wconf 93' lang='lat' dir='ltr'>ad</span> <span class='ocrx_word' id='word_1_251' title='bbox 644 3665 680 3728; x_wconf 87' lang='lat'>8.</span> 
     </span>
    </p>

    <p class='ocr_par' dir='ltr' id='par_1_6' title="bbox 136 3766 1187 4430">
     <span class='ocr_line' id='line_1_30' title="bbox 189 3766 1187 3865; baseline -0.002 -22"><span class='ocrx_word' id='word_1_252' title='bbox 189 3792 246 3844; x_wconf 78' lang='grc' dir='ltr'>ιν.</span> <span class='ocrx_word' id='word_1_253' title='bbox 275 3768 426 3865; x_wconf 85' lang='lat' dir='ltr'>Sphaera</span> <span class='ocrx_word' id='word_1_254' title='bbox 443 3769 594 3865; x_wconf 88' lang='lat' dir='ltr'>aequalis</span> <span class='ocrx_word' id='word_1_255' title='bbox 612 3778 668 3841; x_wconf 91' lang='lat' dir='ltr'>est</span> <span class='ocrx_word' id='word_1_256' title='bbox 692 3766 844 3840; x_wconf 90' lang='lat' dir='ltr'>dimidio</span> <span class='ocrx_word' id='word_1_257' title='bbox 863 3768 1029 3864; x_wconf 89' lang='lat' dir='ltr'>cylindro</span> <span class='ocrx_word' id='word_1_258' title='bbox 1047 3769 1107 3841; x_wconf 91' lang='lat' dir='ltr'>cui</span> <span class='ocrx_word' id='word_1_259' title='bbox 1131 3781 1187 3841; x_wconf 90' lang='lat' dir='ltr'>est</span> 
     </span>
     <span class='ocr_line' id='line_1_31' title="bbox 136 3880 1186 3979; baseline -0.001 -24"><span class='ocrx_word' id='word_1_260' title='bbox 136 3882 348 3979; x_wconf 88' lang='lat' dir='ltr'>inscriptus,</span> <span class='ocrx_word' id='word_1_261' title='bbox 366 3907 441 3956; x_wconf 91' lang='lat' dir='ltr'>una</span> <span class='ocrx_word' id='word_1_262' title='bbox 459 3906 544 3956; x_wconf 94' lang='lat' dir='ltr'>cum</span> <span class='ocrx_word' id='word_1_263' title='bbox 561 3882 712 3955; x_wconf 93' lang='lat' dir='ltr'>dimidio</span> <span class='ocrx_word' id='word_1_264' title='bbox 731 3906 825 3955; x_wconf 93' lang='lat' dir='ltr'>cono</span> <span class='ocrx_word' id='word_1_265' title='bbox 844 3882 908 3977; x_wconf 92' lang='lat' dir='ltr'>qui</span> <span class='ocrx_word' id='word_1_266' title='bbox 934 3881 1052 3955; x_wconf 92' lang='lat' dir='ltr'>eidem</span> <span class='ocrx_word' id='word_1_267' title='bbox 1072 3880 1186 3978; x_wconf 92' lang='lat' dir='ltr'>cylin-</span> 
     </span>
     <span class='ocr_line' id='line_1_32' title="bbox 138 3993 1185 4092; baseline -0.003 -23"><span class='ocrx_word' id='word_1_268' title='bbox 138 3995 206 4069; x_wconf 90' lang='lat' dir='ltr'>dro</span> <span class='ocrx_word' id='word_1_269' title='bbox 224 4007 280 4069; x_wconf 87' lang='lat' dir='ltr'>est</span> <span class='ocrx_word' id='word_1_270' title='bbox 294 3995 502 4092; x_wconf 89' lang='lat' dir='ltr'>inscriptus.</span> <span class='ocrx_word' id='word_1_271' title='bbox 541 3995 634 4068; x_wconf 89' lang='lat' dir='ltr'>Cum</span> <span class='ocrx_word' id='word_1_272' title='bbox 652 3995 751 4069; x_wconf 91' lang='lat' dir='ltr'>enim</span> <span class='ocrx_word' id='word_1_273' title='bbox 770 3994 1059 4068; x_wconf 89' lang='lat' dir='ltr'>demonstratum</span> <span class='ocrx_word' id='word_1_274' title='bbox 1078 3997 1125 4068; x_wconf 88' lang='lat' dir='ltr'>sit</span> <span class='ocrx_word' id='word_1_275' title='bbox 1138 3993 1185 4066; x_wconf 92' lang='lat' dir='ltr'>ab</span> 
     </span>
     <span class='ocr_line' id='line_1_33' title="bbox 137 4108 1185 4204; baseline -0.003 -23"><span class='ocrx_word' id='word_1_276' title='bbox 137 4108 359 4182; x_wconf 82' lang='lat' dir='ltr'>Archimede</span> <span class='ocrx_word' id='word_1_277' title='bbox 377 4108 584 4204; x_wconf 89' lang='lat' dir='ltr'>cylindrum</span> <span class='ocrx_word' id='word_1_278' title='bbox 601 4108 651 4182; x_wconf 92' lang='lat' dir='ltr'>ad</span> <span class='ocrx_word' id='word_1_279' title='bbox 667 4109 736 4181; x_wconf 91' lang='lat' dir='ltr'>sibi</span> <span class='ocrx_word' id='word_1_280' title='bbox 760 4108 976 4204; x_wconf 87' lang='lat' dir='ltr'>inscriptam</span> <span class='ocrx_word' id='word_1_281' title='bbox 1003 4108 1185 4203; x_wconf 84' lang='lat' dir='ltr'>sphaeram</span> 
     </span>
     <span class='ocr_line' id='line_1_34' title="bbox 138 4218 1184 4317; baseline -0.004 -23"><span class='ocrx_word' id='word_1_282' title='bbox 138 4245 219 4295; x_wconf 90' lang='lat' dir='ltr'>esse</span> <span class='ocrx_word' id='word_1_283' title='bbox 237 4232 279 4295; x_wconf 91' lang='lat' dir='ltr'>ut</span> <span class='ocrx_word' id='word_1_284' title='bbox 297 4230 319 4294; x_wconf 89' lang='lat'><strong>3</strong></span> <span class='ocrx_word' id='word_1_285' title='bbox 338 4221 386 4294; x_wconf 91' lang='lat' dir='ltr'>ad</span> <span class='ocrx_word' id='word_1_286' title='bbox 403 4232 439 4309; x_wconf 89' lang='grc'>2,</span> <span class='ocrx_word' id='word_1_287' title='bbox 457 4232 495 4293; x_wconf 94' lang='lat' dir='ltr'>et</span> <span class='ocrx_word' id='word_1_288' title='bbox 511 4221 561 4294; x_wconf 89' lang='lat' dir='ltr'>ad</span> <span class='ocrx_word' id='word_1_289' title='bbox 577 4220 794 4317; x_wconf 86' lang='lat' dir='ltr'>inscriptum</span> <span class='ocrx_word' id='word_1_290' title='bbox 813 4243 946 4292; x_wconf 88' lang='lat' dir='ltr'>conum</span> <span class='ocrx_word' id='word_1_291' title='bbox 964 4233 1006 4292; x_wconf 90' lang='lat' dir='ltr'>ut</span> <span class='ocrx_word' id='word_1_292' title='bbox 1031 4218 1118 4293; x_wconf 91' lang='lat' dir='ltr'>3ad</span> <span class='ocrx_word' id='word_1_293' title='bbox 1140 4228 1184 4291; x_wconf 86' lang='lat' dir='ltr'>l:</span> 
     </span>
     <span class='ocr_line' id='line_1_35' title="bbox 139 4331 1186 4430; baseline -0.003 -22"><span class='ocrx_word' id='word_1_294' title='bbox 139 4348 250 4408; x_wconf 88' lang='lat' dir='ltr'>erunt</span> <span class='ocrx_word' id='word_1_295' title='bbox 268 4332 466 4430; x_wconf 88' lang='lat' dir='ltr'>cylindrus,</span> <span class='ocrx_word' id='word_1_296' title='bbox 485 4332 640 4429; x_wconf 77' lang='lat' dir='ltr'>sphaem,</span> <span class='ocrx_word' id='word_1_297' title='bbox 652 4346 689 4407; x_wconf 91' lang='lat' dir='ltr'>et</span> <span class='ocrx_word' id='word_1_298' title='bbox 708 4355 824 4407; x_wconf 92' lang='lat' dir='ltr'>conus</span> <span class='ocrx_word' id='word_1_299' title='bbox 841 4344 884 4405; x_wconf 92' lang='lat' dir='ltr'>ut</span> <span class='ocrx_word' id='word_1_300' title='bbox 902 4342 937 4422; x_wconf 86' lang='lat'>3,</span> <span class='ocrx_word' id='word_1_301' title='bbox 949 4342 985 4422; x_wconf 88' lang='grc'>2,</span> <span class='ocrx_word' id='word_1_302' title='bbox 998 4345 1037 4406; x_wconf 90' lang='lat' dir='ltr'>et</span> <span class='ocrx_word' id='word_1_303' title='bbox 1053 4342 1084 4407; x_wconf 90' lang='lat' dir='ltr'>l.</span> <span class='ocrx_word' id='word_1_304' title='bbox 1112 4331 1186 4405; x_wconf 89' lang='lat' dir='ltr'>Sed</span> 
     </span>
    </p>
   </div>
   <div class='ocr_carea' id='block_1_4' title="bbox 0 0 1478 5054">
    <p class='ocr_par' dir='ltr' id='par_1_7' title="bbox 0 0 1478 5054">
     <span class='ocr_line' id='line_1_36' title="bbox 0 0 1478 5054; baseline 0 0"><span class='ocrx_word' id='word_1_305' title='bbox 0 0 1478 5054; x_wconf 95' lang='lat' dir='ltr'> </span> 
     </span>
    </p>
   </div>
  </div>
 </body>
</html>
