2932 5054
449 438 645 495 CENSURA
666 440 828 495 nxuvls.
1113 429 1162 495 63

479 718 730 772 Pnol’osl'rlo
754 719 804 772 11.

170 844 245 920 Ubi
255 844 415 920 ratioet
428 844 796 946 duoduaplnribmoc
809 846 1162 945 consponitur,dotic

111 958 423 1058 componentibus,
453 959 568 1032 datur
591 960 808 1058 composito.
860 959 1014 1058 Nempe,
1038 959 1162 1034 mutti-

104 1071 271 1172 pticott'i
304 1072 456 1146 inuicem
490 1071 758 1170 exponentibus
788 1073 1089 1172 componentium,
1121 1083 1163 1147 ut

113 1184 296 1259 tradentur
312 1209 499 1285 exponens
515 1186 741 1283 compositor.

165 1298 374 1394 Propositio
391 1299 541 1397 quidem
558 1323 646 1374 vera
662 1313 731 1390 est,
748 1324 893 1397 nempe,
911 1300 977 1373 ubi
1002 1297 1098 1373 ratio
1119 1323 1166 1374 ex

114 1411 323 1486 rationibus
341 1414 586 1509 componitur,
605 1413 701 1486 datis
718 1412 1036 1508 componentibus,
1055 1412 1166 1486 datur

114 1524 336 1621 composita.
388 1525 585 1623 Reliquum
601 1525 734 1599 falsum
752 1534 820 1598 est.
865 1523 940 1598 Sed
956 1525 1018 1598 ille
1031 1526 1084 1599 nil
1101 1526 1166 1599 de-

119 1648 315 1714 monstrat.
367 1638 479 1714 Quod
495 1648 540 1711 ut
556 1639 694 1713 certius
715 1639 821 1728 scias,
846 1662 931 1712 oum
959 1638 1166 1735 dependeat

116 1776 141 1826 a
157 1751 268 1824 defin.
286 1760 321 1842 5,
334 1751 449 1825 Elem.
462 1751 500 1824 vi
514 1752 689 1844 Euclidis,
704 1752 957 1827 definitionem
969 1751 1071 1826 illem
1083 1776 1164 1848 per·

117 1864 247 1962 spicue
263 1862 332 1937 tibi
349 1863 554 1960 explicabo.

170 1977 345 2053 Definitio
362 1977 415 2051 ibi
432 1977 571 2053 tradita
586 1978 668 2053 haec
685 1989 758 2053 est:
778 1977 880 2052 ratio
897 1975 1167 2052 certationibus

118 2090 286 2189 componi
303 2088 453 2181 dicitur,
468 2114 548 2164 cum
564 2091 753 2165 rationum
763 2090 994 2190 quantitates
1010 2089 1109 2164 inter
1126 2113 1169 2165 ee

118 2202 384 2302 multiplicato
401 2200 570 2301 ntiquom
586 2204 780 2299 effecerint
795 2205 987 2278 rariorem.

169 2316 414 2412 Exponantnr
431 2314 531 2389 enim
548 2315 632 2390 duae
648 2317 823 2406 rationes,
839 2316 875 2390 A
887 2316 936 2390 ad
953 2315 998 2407 B,
1016 2326 1055 2390 et
1072 2315 1103 2390 C
1119 2316 1168 2390 ad

119 2429 170 2503 D.
221 2427 332 2502 Ratio
353 2427 453 2502 And
478 2428 510 2501 Β
536 2430 733 2525 exponitur
757 2453 780 2503 a
806 2429 948 2503 duabus
976 2428 1083 2503 lineis
1108 2429 1169 2503 vel

119 2541 297 2631 numeris,
315 2541 351 2614 A
367 2551 406 2614 et
423 2541 467 2614 B.
518 2543 629 2617 Ratio
651 2543 749 2617 enim
775 2543 847 2617 nisi
865 2568 888 2617 a
905 2542 1046 2616 duabus
1062 2542 1168 2615 lineis

119 2654 181 2729 vel
193 2654 358 2728 numeris
370 2655 613 2730 antecedente
627 2669 666 2730 et
679 2670 929 2754 consequente
946 2656 1113 2753 exprimi,
1128 2655 1168 2728 id

121 2779 182 2843 est
195 2767 344 2864 exponi,
355 2791 431 2841 non
443 2779 582 2865 potest:
601 2792 671 2844 nee
690 2768 773 2843 duae
785 2770 948 2843 rationes
961 2769 1032 2842 nisi
1046 2794 1069 2842 a
1082 2793 1168 2865 qna·

123 2894 225 2956 tuor.
276 2880 514 2955 Antecedens
540 2892 579 2954 et
605 2905 833 2978 consequens
859 2881 991 2978 prioris
1017 2883 1170 2955 rationis

121 2993 357 3092 appellantur
390 2995 452 3068 hic
486 2997 532 3068 ab
561 2996 726 3086 Euclide,
762 2994 986 3093 quantitates
1016 2995 1171 3069 rationis

122 3110 271 3208 prioris,
289 3109 468 3205 nempeA
484 3119 522 3183 et
540 3108 582 3183 B.
619 3110 856 3185 Quantitetes
873 3120 998 3183 autem
1014 3108 1170 3182 rationis

124 3221 311 3311 secundae,
329 3222 360 3295 C
377 3232 416 3295 et
433 3222 479 3295 D.

178 3334 237 3408 Ex
246 3335 304 3408 his
316 3345 474 3431 quatuor
487 3335 518 3408 si
533 3334 616 3409 duae
633 3335 905 3425 antecedentes,
920 3335 953 3407 A
968 3347 1007 3408 et
1019 3333 1061 3422 Ο,
1075 3334 1174 3406 inter

125 3471 167 3523 se
184 3447 488 3545 multiplicentur,
505 3461 548 3521 nt
571 3448 691 3523 factus
716 3449 766 3522 sit
783 3448 864 3537 AC,
883 3448 959 3521 sive
976 3459 1176 3540 rectangu·

125 3561 205 3635 lum
221 3560 304 3646 Ac;
322 3573 362 3634 et
375 3561 544 3636 similiter
556 3572 822 3660 consequentes
837 3559 869 3634 B
884 3572 922 3634 et
936 3561 982 3650 D,
994 3572 1036 3632 ut
1052 3559 1174 3631 factus

127 3675 179 3749 sit
202 3671 286 3758 BD;
311 3675 530 3771 pronuntiat
550 3674 721 3749 Euclides
746 3675 928 3747 rationem
945 3673 1011 3747 AC
1031 3671 1079 3745 ad
1105 3671 1174 3743 BD

127 3787 302 3884 componi
327 3810 373 3860 ex
397 3787 602 3861 rationibus
619 3788 653 3861 A
670 3787 719 3860 ad
742 3788 831 3860 Bet
848 3787 879 3860 C
896 3785 944 3860 ad
965 3787 1011 3860 D.
1064 3782 1176 3860 Quod

129 3912 188 3976 est
204 3899 447 3974 verissimum.

178 4012 349 4108 Exempli
371 4034 498 4085 cansa:
530 4010 579 4085 sit
596 4012 630 4085 A
647 4010 798 4108 aeqnalis
815 4020 854 4101 2,
872 4011 903 4084 B
921 4009 1073 4107 aequelis
1092 4019 1127 4100 3,
1146 4009 1177 4083 C

124 4126 282 4224 aequalis
300 4134 337 4212 4,
355 4124 389 4198 Ι)
407 4124 557 4221 aequalis
575 4128 610 4208 7.
664 4125 789 4201 Quare
810 4123 1062 4221 multiplicatis
1079 4123 1177 4197 inter

131 4263 172 4314 se
184 4242 218 4314 A
231 4250 272 4312 et
285 4237 328 4329 C,
339 4237 459 4312 factm
477 4238 549 4312 erit
567 4246 601 4311 8.
638 4239 688 4312 Et
700 4239 744 4328 C,
759 4238 794 4312 D
811 4237 1063 4334 multiplicatis
1079 4241 1179 4309 inter

131 4378 183 4444 se,
201 4353 324 4429 factus
343 4351 414 4426 erit
430 4359 490 4427 21.
531 4352 642 4428 Ratio
656 4375 745 4447 ergo
760 4359 783 4424 8
797 4350 846 4425 ad
863 4359 907 4425 21
929 4350 1179 4449 componitur,

1208 876 1292 916 enon.
1307 876 1340 917 11.
1384 923 1387 929 Α

1201 943 1347 980 -s-ae
