2932 5054
523 480 853 535 nccnnstssrtcs.
1133 473 1206 539 369

170 640 239 708 Cur
252 652 359 709 tamen
373 643 520 730 impietus
534 645 667 712 dicenda
680 647 732 724 sit,
748 647 833 713 haud
847 650 928 714 bene
942 670 1055 727 oemo;

211 740 296 806 Nam
313 765 377 809 nou
392 766 436 820 cs,
451 744 477 809 si
493 766 556 810 non
572 744 688 831 impius
702 768 770 811 esse
785 746 872 813 velis.
1142 752 1206 814 730

169 839 215 906 Et
229 841 285 925 qui
299 842 472 909 eredebant
487 866 520 908 se
535 843 642 909 Biblia
656 867 744 910 sacra
757 857 920 931 sequutos,

211 939 291 1005 Esse
305 941 513 1027 proculdubio
528 965 561 1008 se
577 943 704 1009 voluere
718 944 795 1030 pios

171 1037 231 1103 lllo
245 1039 387 1105 damnati
401 1063 497 1125 quam
512 1065 644 1128 magnos
658 1052 800 1129 tempore
816 1042 961 1120 honores,

212 1137 357 1220 Quantas
371 1140 498 1207 divitias
516 1141 691 1219 deseruere,
708 1153 804 1229 puta:

169 1235 243 1318 Quo
258 1237 365 1305 vixere
380 1251 477 1317 metu,
493 1251 629 1325 quantos
644 1241 768 1308 subiere
782 1241 915 1320 dolores,

212 1336 261 1402 Ut
276 1350 498 1405 conservarent
513 1362 608 1423 quam
624 1350 755 1406 tenuere
770 1340 904 1407 Fidem!

169 1434 267 1501 Anne
281 1436 395 1502 Fidem
410 1438 579 1522 quisquam
594 1439 676 1504 tanti
692 1439 769 1505 facit
784 1440 925 1527 impius?
964 1439 1034 1506 Illis

209 1533 357 1621 Regnare
372 1545 421 1600 est
434 1559 604 1613 summum,
619 1535 803 1622 divitiaeque
817 1539 946 1604 bonum.

166 1631 334 1699 Errarunt.
379 1634 501 1721 Synodi
516 1635 692 1701 doctrinam
707 1657 835 1702 cernere
849 1647 967 1702 sanctae

209 1732 250 1797 In
268 1732 401 1821 Scriptis
415 1735 490 1801 caeci
505 1758 569 1801 non
584 1746 716 1821 potuere
734 1733 845 1802 Sacris.
1140 1740 1202 1803 740

166 1830 295 1919 Ergone
310 1855 411 1899 caecus
425 1833 520 1900 homo
534 1834 737 1900 damnabitur
750 1835 931 1922 impietatis,

210 1932 347 2016 Quando
360 1956 434 2010 non,
445 1935 553 2019 jussus
567 1934 637 2020 lege
653 1934 769 2012 videre,
783 1934 895 2001 videt?

167 2029 235 2098 Cur
249 2054 313 2096 non
327 2041 361 2097 et
375 2033 478 2118 patria
486 2034 639 2118 jubeatur
653 2034 763 2100 cedere
778 2034 886 2113 simus,

210 2130 245 2197 Si
260 2153 323 2197 non
337 2141 371 2197 et
384 2154 496 2196 nasum
510 2132 648 2218 corrigat
661 2132 714 2198 ille
730 2135 845 2198 suum?

163 2233 314 2316 AEquum
333 2241 411 2307 erat,
426 2231 460 2295 in
475 2231 614 2297 tenebris
630 2232 809 2310 verborum,
824 2233 986 2319 ignoscere
1000 2230 1027 2295 si
1043 2230 1115 2315 quis

208 2330 302 2396 Oavit
315 2353 356 2396 ne
369 2330 478 2417 plures
491 2330 611 2397 diceret
625 2354 692 2397 esse
707 2331 804 2398 Deos.

165 2427 256 2495 Inter
276 2431 505 2516 noa-genitum,
520 2430 729 2516 genitumque
743 2432 778 2496 ia
792 2440 923 2517 tenpore
936 2430 1030 2508 auida,

208 2526 295 2611 Quid
311 2530 353 2595 sit
367 2529 487 2595 dissidii
501 2552 564 2595 non
580 2530 666 2616 capit
680 2530 782 2596 omnis
796 2530 902 2607 homo,

165 2626 236 2694 Nec
251 2651 386 2712 quorum
401 2628 512 2716 lingua
526 2627 648 2693 sariam
662 2627 835 2694 substantia
850 2627 923 2706 dici,

207 2728 281 2794 Aut
295 2729 400 2795 animo
414 2729 513 2815 possit
528 2750 593 2813 qua
606 2728 728 2794 ratione
743 2727 823 2813 capi.
1139 2730 1156 2792 7
1160 2732 1202 2790 50

164 2825 242 2891 Vox
256 2828 438 2910 Hypostasis
452 2837 543 2894 sonat
557 2837 595 2892 ut
608 2827 778 2892 substantia
794 2825 933 2893 Graccis:

208 2924 274 3007 Qui
289 2925 367 2992 dicit
381 2937 445 2992 tres
460 2937 545 3004 sunt,
562 2937 627 2993 tres
641 2926 687 2992 ait
702 2949 770 2992 esse
785 2926 880 2992 Deos.

164 3022 350 3110 Regnorum
365 3024 488 3102 medici,
505 3026 674 3090 verborum
688 3024 800 3091 discite
816 3024 917 3091 vires:

206 3123 397 3190 Dementem
411 3123 565 3211 populum
580 3124 634 3189 lex
649 3124 717 3190 sine
733 3134 839 3190 mente
855 3123 941 3189 facit

164 3222 227 3288 Dic
241 3246 326 3289 nunc
340 3246 397 3289 cur
413 3223 562 3310 Synodus
576 3245 640 3290 non
655 3222 761 3289 sanxit
775 3233 809 3289 et
822 3222 958 3289 haeresin
973 3243 1050 3296 esse,

207 3321 351 3387 Verbum
368 3321 548 3408 Scripturas
562 3344 630 3388 esse
645 3344 760 3408 negare
775 3322 847 3388 Det

164 3422 222 3486 Pr.
245 3422 271 3488 J
272 3445 310 3487 us
324 3422 483 3489 indicendi
500 3421 666 3507 Synodum
680 3432 759 3488 tunc
774 3422 879 3488 Oaesar
893 3420 1030 3487 habebat

207 3520 312 3598 Solus,
327 3531 360 3586 et
374 3520 491 3585 indixit
505 3543 578 3586 cnm
596 3519 725 3606 Synodo
740 3531 823 3586 esset
837 3542 927 3605 opus.

165 3620 258 3686 Tunc
272 3644 351 3707 opus
365 3630 414 3686 est
429 3631 545 3696 autem,
562 3643 635 3685 cum
650 3622 782 3685 turbant
797 3618 946 3705 dogmata
960 3640 1080 3704 paoem.

206 3719 257 3786 De
273 3719 381 3785 Libris
398 3718 502 3786 Sacris
517 3719 652 3803 quaestio
667 3719 754 3783 nulla
769 3717 840 3783 fuit
1136 3716 1198 3780 760

164 3824 307 3907 Quaestio
321 3824 394 3890 talis
409 3824 505 3900 enim,
523 3823 688 3910 Scriptura
697 3822 816 3909 judice,
831 3844 996 3906 nunquam

206 3923 319 3999 Finiri,
334 3933 401 4001 aut,
416 3922 478 3988 alio
488 3922 606 4008 judice,
622 3932 704 3987 teste
718 3931 832 4007 potest

164 4021 271 4104 Quare
287 4022 313 4087 si
328 4034 433 4108 patres
448 4032 622 4088 certassent
635 4020 850 4104 haereticique,

205 4122 351 4188 Dictavit
365 4123 462 4188 libros
477 4144 557 4206 quos
571 4120 675 4196 homo,
692 4143 836 4204 quosque
854 4117 961 4183 Deus:

164 4221 227 4286 Vir
240 4223 323 4287 bone
338 4244 443 4288 nonne
459 4221 555 4296 vides,
571 4230 619 4296 ut,
630 4219 738 4305 judice
754 4219 889 4294 Caesare,
906 4218 1003 4283 verba

206 4322 323 4388 Essent
337 4320 425 4386 nulla
440 4320 501 4385 Dei
517 4342 580 4384 non
596 4318 752 4405 placitura
765 4317 848 4384 sibi?

164 4420 199 4489 Si
214 4444 300 4488 nunc
314 4421 465 4486 haereseos
482 4417 630 4505 Synodus
644 4417 822 4482 damnasset
834 4424 869 4482 et
882 4415 982 4491 illum,

262 4545 357 4597 VOL.
372 4545 411 4595 V.
1035 4535 1098 4587 ΒΗ
