2932 5054
239 865 564 948 HISTORIA
604 863 1146 949 ECCLESIASTICA.

547 1115 842 1183 DIALOGUS.

440 1647 713 1714 sueonum,
756 1649 951 1719 eumue,

580 1775 809 1834 Interloeucnm.

173 1933 239 1995 See.
263 1928 355 2012 Qun>
371 1929 444 2007 fere,
462 1931 582 2009 Piuuu,
598 1931 697 1997 novi?
740 1931 894 1998 Visendae
909 1955 982 2018 quae
997 1934 1062 2001 suit
1076 1935 1163 2002 urbis

218 2028 323 2096 Causa
337 2030 407 2108 tibi,
423 2031 517 2096 modo
532 2033 589 2115 qui
603 2031 688 2097 ruris
704 2042 827 2099 amator
841 2034 933 2098 erus?

174 2130 233 2193 Pr.
257 2128 329 2194 Rus
343 2129 421 2193 mihi
435 2153 542 2195 eareer
556 2141 646 2195 erute
671 2153 745 2216 quo,
761 2133 908 2216 quamvis
922 2156 988 2198 non
1003 2134 1084 2200 mule
1098 2133 1218 2211 clauso,

217 2226 358 2293 Intravit
371 2228 455 2294 bello
469 2240 684 2315 praetereunte
702 2230 823 2295 Metus.

174 2327 301 2394 Verum
316 2338 352 2392 tu
368 2327 445 2411 quid
460 2327 538 2413 ogis,
554 2328 611 2414 qui
626 2351 742 2415 magna
756 2340 847 2396 tutus
861 2330 895 2394 in
910 2333 989 2397 urbe

218 2427 336 2503 Invito,
354 2426 468 2503 Musis,
484 2426 602 2504 Marte,
620 2426 790 2505 Secum,
808 2430 925 2494 voees?

176 2527 243 2590 See.
269 2526 340 2592 Non
356 2526 437 2591 saeio
453 2526 561 2612 magni
578 2526 699 2603 Musas,
714 2526 862 2593 doctasve
877 2551 1015 2594 sorores:

221 2623 306 2691 Sunt
320 2624 382 2688 illae
397 2625 497 2689 nostri
513 2624 613 2690 tristis
628 2625 717 2711 origo
732 2625 815 2690 muli.

176 2721 295 2787 Nonne
310 2722 398 2788 vides
414 2745 520 2788 rerum
536 2733 623 2788 totus
638 2733 782 2788 mutetur
796 2733 834 2787 ut
849 2723 946 2789 ordo:

220 2820 335 2905 thue
349 2821 438 2907 pium
453 2821 574 2898 dieunt,
591 2822 677 2906 quod
692 2822 755 2887 suit
769 2833 843 2888 ante
859 2823 989 2888 scelus?
1176 2830 1216 2889 lo

177 2918 359 2997 Perfidiam,
372 2920 483 2996 eaeden
500 2921 647 3006 perjuria,
664 2920 761 2997 furtu,
777 2921 914 3006 rapinae,

221 3019 339 3085 Nonne
354 3020 442 3085 vides
457 3020 535 3085 civis
550 3020 648 3086 dicier
662 3031 733 3085 aeta
747 3021 847 3085 boni?

181 3118 287 3202 Quam
304 3118 452 3187 Christus
466 3119 550 3184 dixit
561 3119 715 3185 sinceram
728 3119 935 3206 relligionem,

220 3219 405 3285 Monstraut
420 3219 584 3306 perspicue
600 3220 716 3285 traditu
726 3221 815 3304 jussa
830 3220 912 3286 Deis

177 3319 292 3384 Adduo
306 3343 325 3384 a
340 3318 462 3386 Christi
476 3320 662 3405 sperandam
678 3331 780 3386 morte
795 3320 940 3398 salutem,

221 3419 359 3485 Munera
373 3429 507 3485 servatae
522 3418 695 3504 relligionis
710 3419 814 3484 habes.

178 3519 238 3582 Pr.
261 3518 297 3582 N
298 3541 361 3583 une
375 3517 602 3603 impossibilem
617 3517 776 3601 quandam
792 3517 947 3583 formatur
961 3516 995 3582 in
1009 3525 1130 3582 arbem:

222 3617 295 3683 Non
310 3615 419 3682 Pietas
433 3617 542 3693 vitam,
559 3615 746 3702 Theiologia
759 3616 858 3681 dabit.

178 3714 295 3800 Deque
309 3714 373 3781 Dei
387 3716 500 3781 dieunt
514 3726 628 3781 nature
642 3716 793 3802 dogmate
806 3738 888 3781 vana

223 3813 381 3890 Fautores,
397 3815 514 3901 populo
530 3839 593 3879 non
605 3815 757 3901 cupiendo
771 3815 851 3880 rudi.

180 3914 354 3979 Excutitur
368 3926 484 3980 natura
497 3915 560 3980 Dei
575 3926 713 3981 secreto:
738 3914 901 3980 sciendum
916 3922 964 3977 est

223 4011 321 4094 Quid,
338 4013 475 4097 quando,
491 4035 600 4096 quare,
617 4013 775 4096 quomodo
791 4011 861 4077 vult
872 4021 906 4075 et
920 4008 998 4096 agit.

181 4109 305 4176 Praeter
319 4135 408 4197 opus,
424 4112 511 4198 leges
525 4122 658 4188 sanetas,
676 4132 855 4194 nomenque
869 4108 1055 4185 timendum,

227 4209 313 4274 Seite
329 4209 437 4275 valent
448 4210 591 4274 homiues
601 4210 640 4274 de
655 4210 785 4274 Deitnte
799 4208 887 4272 nihil.

184 4308 247 4374 Sed
263 4310 362 4375 nostri
378 4310 505 4374 voluere
522 4310 580 4375 viri
596 4310 742 4394 praeseire
759 4308 867 4384 videri,
