2932 5054
573 445 799 497 pamniam.
1184 431 1255 496 ³45

111 618 268 684 incumbit
283 641 366 684 eura
414 619 448 684 N
450 643 489 685 on
506 621 592 706 quod
611 621 790 699 Themistou,
807 622 964 699 satiatas,
979 632 1036 687 aut
1057 620 1163 686 nescio
1177 644 1259 706 quos

112 737 294 823 Seraphicos
308 739 391 803 tanti
406 738 593 804 habeamus:
618 740 673 805 sed
688 739 723 803 N
724 740 814 806 ieaeni
830 739 953 819 Patres,
966 740 1121 827 sapientia
1132 737 1257 818 Graeca,

112 868 146 922 et
167 881 302 944 magnus
324 858 378 924 ille
402 859 603 926 Athanasius
625 861 752 926 authori
776 870 885 927 nostro
906 860 1034 925 horrida
1055 859 1140 926 bella
1160 860 1258 926 inter·

111 975 283 1041 minantur.
330 980 381 1042 At
410 978 578 1044 dicendum
608 990 658 1045 est
686 1002 759 1044 eum
789 981 822 1044 iu
852 980 920 1046 istis
949 978 1110 1066 mysteriis
1135 979 1258 1066 poetice

111 1096 292 1181 aliquando,
309 1098 526 1184 potiusquam
543 1100 715 1178 Catholice,
727 1101 869 1166 delirare.

158 1216 222 1283 Sed
238 1240 313 1283 vero
328 1229 361 1283 et
375 1219 467 1284 istius
482 1220 590 1285 saeouli
599 1219 704 1285 Divus
716 1219 768 1285 ille
781 1219 935 1295 Hilarius,
947 1219 988 1283 ed
1000 1219 1257 1286 Constantinum¹

112 1339 303 1423 Augustum
325 1340 416 1417 libro,
438 1340 548 1405 eadem
565 1341 719 1426 queritur.
766 1349 786 1378 ⁶⁶
798 1339 927 1408 Conscii
948 1362 1057 1406 sumus
1078 1341 1164 1426 quod
1185 1351 1259 1428 post

112 1464 132 1495 ⁶⁶
144 1456 180 1520 N
183 1456 313 1523 icaenam
330 1459 497 1545 Synodum
518 1461 598 1525 nihil
620 1460 706 1526 aiiud
728 1483 825 1545 quam
847 1460 941 1525 iidem
964 1460 1156 1527 scribimus²r
1180 1456 1258 1525 dum

112 1583 133 1613 ⁶⁶
148 1574 182 1639 in
198 1577 302 1642 verbis
324 1601 433 1664 pugna
447 1590 505 1656 est,
521 1579 598 1643 dum
613 1579 652 1644 de
666 1579 863 1645 novitatibus
883 1579 1018 1664 quaestio
1033 1590 1091 1656 est,
1109 1577 1200 1666 [dum
1217 1579 1258 1644 de

112 1703 132 1734 ⁶⁶
147 1694 305 1782 ambiguis
319 1697 441 1763 occasio
456 1710 513 1775 est,
530 1698 606 1763 dum
627 1698 668 1764 de
682 1698 848 1764 autoribus
870 1697 1000 1783 querela
1014 1697 1102 1786 est³,]
1125 1698 1202 1763 dum
1217 1698 1258 1765 do

112 1822 133 1851 ⁶⁶
148 1815 263 1879 studiis
277 1827 437 1881 certamen
452 1827 510 1894 est,
522 1817 598 1881 dum
614 1817 647 1880 iu
662 1839 816 1882 consensu
828 1816 998 1881 difficultas
1012 1827 1070 1893 est,
1085 1816 1162 1881 dum
1176 1816 1259 1882 alter

112 1935 240 2000 “alteri
256 1936 438 2002 Anathema
451 1960 520 2002 esse
534 1937 640 2023 coepit,
656 1960 753 2023 prope
771 1938 839 2023 jum
854 1959 946 2002 nemo
962 1936 1084 2004 Christi
1098 1947 1157 2002 est.
1201 1936 1259 2002 Iu·

112 2064 133 2094 ⁶⁶
148 2056 244 2121 certis
259 2056 345 2122 enim
359 2055 574 2121 doctrinarum
590 2055 706 2122 verbis⁴
722 2079 893 2142 vagamur:
910 2066 944 2122 et
954 2068 1010 2120 aut
1020 2055 1096 2120 dum
1108 2056 1258 2122 docemus

113 2184 133 2213 ⁶⁶
149 2178 382 2262 perturbamur,
398 2187 454 2241 aut
469 2176 545 2241 dum
562 2176 712 2242 docemur
733 2200 883 2242 erramus.
929 2175 1074 2242 Proximi
1088 2177 1164 2242 anni
1178 2178 1258 2244 fides

112 2296 227 2381 “quid
252 2296 482 2362 immutationis
501 2297 534 2361 in
556 2321 590 2362 se
611 2297 745 2361 haben?
790 2298 945 2375 Primum,
972 2321 1044 2382 quae
1070 2298 1258 2365 Homoaaion

112 2424 133 2454 ‘⁶
148 2415 290 2480 decernit
311 2415 419 2492 taceri,
443 2438 580 2500 sequens
602 2413 724 2480 rursus⁵
745 2415 933 2481 Homouaioa
957 2417 1100 2483 decernit
1123 2428 1156 2483 et
1177 2439 1259 2504 prae·

113 2546 133 2576 ⁶⁶
149 2537 253 2613 dicat3
277 2535 418 2613 tertium,
435 2559 507 2620 quae
529 2534 649 2600 Urium⁷
672 2536 858 2622 simpliciter
879 2560 898 2600 a
919 2537 1062 2623 patribus
1084 2555 1258 2624 praesump-

112 2665 134 2695 ⁶⁶
149 2669 214 2722 tam
230 2679 287 2742 per
300 2656 532 2743 indulgentiam
546 2667 687 2733 excusat,
703 2655 866 2740 quartum⁸
878 2679 942 2722 non
957 2669 1098 2735 excusat,
1114 2658 1169 2724 sed
1183 2681 1259 2725 oon·

113 2784 134 2815 ‘⁶
149 2776 287 2841 damnat
333 2775 478 2841 Tandem
504 2798 542 2840 eo
567 2797 748 2861 processum
774 2773 846 2852 est⁹,
877 2785 916 2839 ut
943 2797 1048 2862 neque
1069 2799 1166 2863 penes
1190 2801 1258 2858 nos,

113 2906 135 2936 ⁶⁶
150 2919 255 2983 neque
269 2919 366 2983 penes
381 2918 563 2980 quenquam
579 2906 653 2961 ante
674 2918 741 2972 nos,
765 2906 910 2962 sanctum
932 2896 1046 2962 exinde
1067 2898 1188 2982 aliquid
1202 2910 1259 2965 aut

114 3026 135 3056 ⁶⁶
149 3016 331 3083 inviolabile
353 3026 553 3103 perseveret:
578 3038 699 3080 annuas
722 3026 819 3100 atque
841 3026 1019 3081 menstruas
1033 3016 1072 3081 de
1094 3015 1166 3083 Deo
1180 3017 1259 3084 fides

113 3141 133 3171 ⁶⁶
147 3133 355 3210 decernimus,
379 3132 514 3199 decretis
536 3132 737 3218 poenitemus,
760 3129 950 3216 poenitentes
972 3129 1181 3209 defendimus,
1204 3131 1260 3197 de·

113 3261 134 3292 ⁶⁶
149 3253 254 3319 sensus
274 3252 587 3329 anathematizamus,
610 3262 667 3317 aut
688 3253 722 3316 in
745 3250 860 3315 nostris
882 3249 993 3328 aliena,
1016 3262 1073 3316 aut
1094 3251 1127 3316 in
1148 3252 1260 3319 alienis

148 3557 157 3590 ¹
177 3558 383 3628 [Constantium
392 3557 491 3609 scilicet
500 3555 665 3608 Constantini
702 3556 775 3618 meri,
787 3573 838 3608 nou
854 3556 972 3625 Hilarii]

112 3654 209 3724 Magni
224 3654 316 3706 filium.
352 3652 418 3705 Vide
440 3651 499 3704 Divi
515 3651 611 3703 Hilarii
624 3652 667 3702 Ad
738 3653 747 3682 ⁶
766 3652 794 3720 [⁶⁶
804 3651 905 3705 Incerto
918 3654 988 3706 enim
996 3653 1172 3707 doctrinarum
1183 3661 1258 3708 vento

114 3750 292 3803 Constantium
322 3749 468 3817 Aupaatum
498 3745 565 3797 liber
594 3763 667 3814 quem
703 3746 868 3815 vagamur.’']

114 3844 264 3898 Cmrstuatin
272 3845 325 3915 ipse
332 3844 451 3895 tradidit.
468 3841 564 3895 Hilarii
576 3841 669 3912 Opera,
738 3844 748 3873 ⁶
762 3841 857 3911 [·⁶Jam
866 3859 925 3895 vero
934 3845 1044 3913 proximi
1052 3846 1114 3898 anui
1123 3844 1187 3898 fides
1196 3845 1259 3915 quid

112 3940 157 3993 iul.
175 3944 249 4004 1570,
258 3958 283 4009 p.
292 3944 323 3992 21
333 3936 366 4006 1.]
703 3937 735 3990 de
746 3940 927 3992 immutatione
939 3942 965 3991 in
979 3957 1006 3992 se
1017 3938 1141 4007 babet?”]

147 4036 158 4068 ²
176 4037 204 4105 [⁶⁶
214 4035 318 4087 Conscii
342 4052 435 4088 sumus
458 4043 516 4103 post
534 4032 669 4086 Nicaeuarn
739 4034 750 4064 ⁶
769 4036 796 4105 [⁶⁶
807 4034 919 4099 Rursus,
930 4035 1021 4104 μεθ’]

112 4128 249 4199 synodum
279 4130 344 4183 nibil
373 4129 447 4183 uliud
478 4147 556 4199 quarn
595 4129 671 4181 fidem
742 4128 855 4200 7[Πείτῃ
864 4131 890 4183 id
899 4144 936 4184 est
950 4136 1021 4185 οὐσία
1033 4133 1086 4185 sive
1097 4131 1260 4200 substantia]

112 4223 227 4289 acribi.'']
740 4225 750 4254 ⁸
770 4226 796 4294 [⁶⁶
807 4224 937 4286 Quartum
950 4226 1042 4294 Μ’]

149 4318 159 4347 ³
180 4317 259 4388 [Hac
269 4320 342 4372 uncis
351 4320 453 4372 inclusa
464 4320 537 4372 verbo
548 4328 609 4390 spot
618 4319 670 4388 1³5-
739 4320 749 4350 ⁹
762 4320 790 4388 [⁶⁶
802 4319 837 4372 m
848 4338 897 4390 qno
910 4321 1014 4375 tandem
1028 4340 1175 4391 processum
1185 4321 1261 4390 est’‘.]
