2932 5054
425 432 511 485 unx
529 433 849 487 uuruuuurrcs.
1088 419 1159 487 133

111 597 224 669 tertia
239 598 535 691 proportionalis,
554 609 653 673 secat
671 622 796 672 arcum
811 599 879 673 BD
892 623 1003 695 supra
1018 609 1158 674 rectam
1171 629 1372 674 oosunovm·

113 710 165 781 Zc
182 710 219 783 in
237 711 276 784 d.
329 711 420 784 lude
450 713 548 785 enim
579 714 747 810 sequitur
776 713 839 786 DZ
870 713 1049 787 minorem
1079 738 1160 788 esse
1197 711 1342 816 Q

111 836 271 920 quatuor
296 826 435 922 quintis
460 827 664 901 altitudinis
687 828 856 925 quadrati
875 828 987 902 totius
1004 829 1157 903 ABCD:

111 949 151 1010 et
167 938 325 1034 proinde
342 963 462 1036 neque
479 953 638 1037 quatuor
662 953 782 1013 rectas
809 941 887 1029 DC,
905 941 982 1032 DZ,
1002 941 1068 1031 De,
1087 942 1158 1030 ch,

108 1074 193 1123 esse
219 1053 395 1125 continue
421 1053 727 1149 proportionales,
753 1078 874 1151 neque
898 1055 1118 1151 quadratum
1136 1080 1161 1130 a

113 1165 183 1238 DY
209 1166 350 1262 aequale
379 1190 457 1240 esse
483 1167 680 1263 quadranti
699 1167 812 1241 ABD.
866 1168 1051 1242 Incumbit
1069 1192 1159 1264 ergo

112 1278 186 1350 illis
204 1278 268 1373 qui
284 1279 365 1352 haec
382 1280 569 1353 Wallisius
587 1280 768 1353 sustinere
785 1280 925 1370 volunt,
943 1282 1107 1355 indicare
1121 1282 1160 1354 iu

112 1389 492 1465 demonstrationibus
510 1391 601 1466 meis
618 1405 845 1487 assumptum
863 1393 1012 1490 aliquod
1028 1393 1161 1466 falsum

113 1503 173 1575 vel
185 1505 486 1599 consequentiam
498 1504 795 1600 illegitimamzet
806 1504 952 1593 mihtin
964 1508 1161 1602 assumptis

111 1627 153 1689 et
170 1618 442 1713 consequentiis
458 1617 627 1690 Wallisii.
668 1617 817 1714 Alioqui
835 1618 933 1690 enim
951 1619 1057 1692 finire
1075 1643 1162 1693 con-

113 1730 333 1803 troversiam
352 1730 575 1826 impossibile
593 1743 702 1803 esset.

168 1844 212 1916 lu
230 1843 607 1916 demonstrationibus
631 1866 721 1939 ergo
745 1844 836 1917 meis
856 1857 1085 1942 assumptum
1103 1844 1162 1918 vel

115 1955 320 2029 illationem
354 1955 485 2029 falsam
519 1956 691 2030 ostendat
726 1958 933 2054 quicunque
964 1969 1098 2054 potest,
1125 1969 1165 2032 et

109 2069 267 2166 quando
285 2070 431 2143 libitum
449 2082 526 2144 est:
553 2095 622 2165 ego
641 2071 795 2159 interea,
811 2084 1006 2167 postquam
1026 2070 1163 2144 doctri·

110 2207 207 2256 nam
224 2182 319 2257 hauc
333 2185 460 2279 paucis
473 2182 784 2279 propositionibus
800 2184 956 2279 amplius
969 2185 1165 2258 confirma-

116 2297 434 2394 verim,principia
443 2296 537 2369 falsa
549 2320 632 2393 quae
643 2297 778 2369 suntin
789 2297 945 2371 Wallisii
956 2299 1165 2396 objectione

118 2422 300 2505 quantum
335 2434 427 2505 opus
461 2422 517 2483 est
552 2408 734 2482 indicabo.
786 2410 991 2484 Ostendam
1027 2427 1166 2500 autem,

108 2524 253 2619 primo,
273 2522 518 2595 differentiam
535 2521 633 2595 inter
656 2537 794 2594 rectam
812 2535 850 2596 et
875 2525 1072 2597 maximam
1090 2549 1167 2597 me·

118 2636 265 2709 diarum
283 2635 439 2708 duarum
457 2636 554 2708 inter
571 2659 609 2707 se
631 2648 668 2707 et
695 2636 748 2707 sui
768 2636 968 2727 semissem,
987 2637 1165 2733 aequalem

112 2773 201 2822 esse
218 2748 437 2821 differentiae
454 2748 551 2820 inter
576 2747 735 2820 mediam
760 2748 857 2821 inter
875 2750 965 2823 duas
983 2761 1167 2823 extremas

118 2876 159 2936 et
176 2862 378 2934 minimam.

107 3064 230 3137 Inter
254 3074 396 3137 rectem
427 3063 616 3137 detumet
643 3064 763 3161 ipsius
792 3064 977 3138 semissem
1005 3064 1169 3136 inuenire

106 3260 111 3267 ⁴
173 3177 269 3251 duas
304 3176 447 3250 medios
474 3177 806 3275 proportionales:
841 3188 879 3251 et
913 3178 1169 3251 dernenstrare

172 3291 275 3390 quod
288 3291 506 3385 differentia
521 3291 619 3363 inter
636 3301 748 3363 totam
764 3302 803 3364 et
821 3293 1017 3364 munimem
1034 3290 1169 3363 medio-

172 3428 256 3476 rum
289 3402 444 3500 equalis
479 3413 536 3476 est
569 3404 791 3499 differentiae
818 3404 916 3477 inter
943 3403 1102 3477 mediam
1132 3411 1170 3475 el

174 3540 371 3590 minimam.

175 3653 260 3728 Sint
277 3653 374 3728 datae
392 3653 458 3726 AB
476 3665 515 3726 et
532 3653 597 3725 AC
621 3653 698 3750 (fig.
712 3654 805 3747 viii),
833 3667 870 3728 et
896 3655 945 3727 sit
972 3655 1034 3728 illa
1060 3655 1170 3750 hujus

121 3767 249 3865 dupla.
286 3768 498 3840 Inveniatur
514 3767 612 3838 inter
628 3766 708 3839 illas
725 3768 847 3840 media
861 3768 937 3840 ΑΕ.
973 3768 1052 3840 Fiat
1068 3767 1170 3840 ΒΑΙ)

121 3881 282 3979 angulus
292 3894 427 3968 rectus,
440 3892 478 3952 et
488 3881 557 3952 AD
568 3880 718 3975 aequalis
731 3881 815 3953 AB:
826 3883 1076 3977 jungaturque
1092 3881 1171 3954 BD.

122 3997 263 4070 Ceutro
281 3995 328 4083 D,
348 3993 451 4066 radio
475 3993 553 4080 DB,
572 3993 800 4068 describatur
822 4019 929 4067 arcus
954 3996 1030 4067 Ba:
1062 4019 1172 4091 quem

123 4109 237 4181 ducta
256 4119 292 4180 et
310 4106 493 4202 producta
511 4106 575 4178 DE
593 4118 691 4178 secet
705 4107 743 4179 in
757 4132 792 4179 a.
830 4108 982 4180 Secetur
995 4132 1102 4181 arcus
1118 4109 1174 4180 Bo

122 4224 162 4295 in
190 4235 266 4295 tres
292 4232 418 4317 partes
441 4220 611 4315 aequales,
636 4218 705 4309 Bt,
727 4219 786 4309 lab,
807 4219 865 4293 ba.
918 4221 1026 4295 Secet
1050 4235 1174 4294 autem

121 4349 228 4410 recta
245 4334 303 4409 Db
315 4345 456 4407 rectam
470 4332 536 4406 AB
550 4333 588 4407 in
600 4357 632 4422 c,
647 4344 685 4407 et
703 4333 761 4407 Db
773 4346 912 4410 rectam
924 4335 1077 4410 eandem
1096 4337 1132 4410 in
1147 4334 1171 4407 i.
