2932 5054
202 951 499 1037 PRINCIPIA
540 951 615 1033 ET
658 946 1061 1032 PROBLEMATA

599 1172 667 1212 ETC.

533 1369 728 1392 -ι-ἶΤ-ἵ--ῗΰ

557 1571 660 1646 CAP.
688 1573 718 1644 Ι.

113 1748 174 1822 De
190 1746 366 1844 abjecto,
385 1746 602 1846 principiis,
627 1757 664 1820 ct
682 1745 848 1820 methodo
874 1744 1150 1820 mathematice.

111 1922 359 1997 Accunnuuu
377 1921 426 1994 ad
443 1920 740 1995 mathematicam
761 1945 853 2018 opus
878 1934 945 2012 est,
963 1921 1152 2018 imprimis,
1219 1949 1288 1991 cm.
1300 1950 1320 1993 1.

103 2049 154 2117 ut
184 2035 366 2132 intelligat
396 2058 566 2132 quaenam
593 2035 640 2107 sit
670 2035 825 2108 materia
851 2059 961 2131 quam
991 2045 1154 2108 tractant
1184 2018 1336 2135 Μ

110 2149 374 2238 mathematici,
389 2160 428 2222 et
443 2148 490 2221 de
506 2148 662 2222 materia
679 2148 768 2244 quid
786 2148 833 2221 sit
851 2147 951 2245 quod
969 2147 1152 2243 quaeritur.
1179 2142 1341 2251 {3ss3¹ssssss

162 2262 361 2335 Sciendum
378 2285 466 2358 ergo
484 2272 551 2352 est,
564 2262 756 2335 materiam
770 2287 882 2359 quam
895 2272 1057 2337 tractant
1075 2285 1154 2336 ease
1181 2271 1311 2316 mica·

110 2395 222 2450 omne
235 2375 275 2448 id
285 2373 385 2471 quod
397 2374 509 2447 habet
518 2374 830 2472 magnitudinem:
848 2374 888 2448 id
900 2388 967 2461 est,
979 2374 1155 2473 quioquid

112 2487 159 2560 de
189 2513 262 2586 quo
280 2487 393 2584 quaeri
406 2499 531 2584 potest
547 2496 721 2585 quonium
741 2488 804 2561 ait.
856 2489 985 2585 Itaque
1003 2489 1158 2563 materia

112 2602 348 2674 scientiarum
377 2600 720 2673 mathematiearum
747 2610 833 2674 suut
855 2625 1051 2697 corporum
1079 2600 1158 2676 loit-

110 2713 314 2813 gitodines,
332 2713 560 2810 superficies,
587 2722 625 2785 et
648 2713 856 2788 crassitiei.
910 2715 1034 2788 Habet
1059 2716 1157 2789 enim

113 2849 246 2923 eorpus
264 2848 372 2898 omne
395 2837 471 2897 tres
500 2824 758 2914 dimensioneS‚
775 2850 844 2900 uec
861 2826 1010 2923 plures:
1037 2840 1075 2900 et
1091 2828 1157 2901 has

111 2964 248 3038 genere
266 2939 488 3012 differentes.
542 2939 596 3011 Ex
622 2949 724 3012 motu
750 2940 847 3012 enim
866 2965 999 3036 corpus
1017 2941 1059 3013 fit
1078 2941 1159 3014 lon·

111 3078 213 3150 gum,
233 3054 333 3148 quod
350 3063 503 3126 vocatur
526 3050 653 3125 lineo:
680 3054 824 3143 deiude,
843 3077 889 3127 ex
921 3068 1024 3128 motu
1050 3053 1158 3127 lineae

111 3168 156 3239 fit
172 3165 392 3264 superficies
405 3193 419 3238 :
443 3174 543 3238 etex
566 3177 670 3239 motu
690 3167 895 3262 superficiei
918 3169 961 3240 fit
977 3190 1158 3257 croesum,

113 3278 214 3375 quod
230 3290 268 3351 et
284 3277 442 3351 solidum
466 3278 612 3366 dicitur,
631 3289 668 3352 et
695 3304 830 3378 corpus
855 3280 1157 3354 macherunticum.

114 3391 279 3466 Ulterius
299 3390 450 3488 procedi
475 3415 551 3464 nou
574 3403 706 3487 potest,
726 3393 899 3489 quoniam
917 3405 1020 3467 motu
1038 3393 1157 3483 solidi,

114 3528 331 3602 quacunque
349 3515 529 3594 movetur,
547 3503 775 3578 describetur
796 3505 1012 3602 magnitudo
1030 3507 1158 3582 solida.

115 3617 247 3713 Itaque
264 3617 328 3713 qui
348 3617 445 3691 iuter
472 3640 609 3712 genera
635 3618 898 3714 magnitudinis
914 3632 1057 3716 ponunt
1073 3643 1159 3693 aar·

114 3730 299 3815 dosolido,
332 3728 712 3828 quadratoqnadrato
743 3743 826 3821 eto,
862 3733 987 3828 inepte
1017 3743 1157 3828 agunt:

113 3845 307 3919 nonenim
332 3845 461 3940 figurae
487 3843 560 3917 illae
582 3856 679 3933 suut,
698 3844 763 3918 sed
785 3846 929 3918 numeri
945 3855 1101 3936 tautum,
1119 3845 1158 3919 id

116 3969 184 4046 est,
201 3982 278 4032 non
295 3957 510 4054 magnitudo
529 3957 595 4031 sed
612 3959 896 4053 magnitudines.

167 4071 330 4145 Pertinet
348 4071 457 4144 etiam
475 4070 523 4144 ad
540 4071 838 4145 mathematicam
855 4081 984 4161 motus,
1002 4082 1158 4171 temptat,

116 4187 185 4276 nia,
196 4183 372 4285 pondua:
398 4208 482 4257 nam
509 4196 546 4257 ct
572 4185 704 4257 horum
731 4185 887 4257 alterum
906 4185 1022 4258 altero
1041 4187 1160 4282 majus

115 4300 174 4373 vel
191 4300 313 4373 miuus
332 4322 411 4373 esse
429 4297 501 4372 dici
518 4306 651 4396 potest.
705 4298 828 4372 Etiam
845 4322 1006 4394 eousque
1024 4310 1161 4375 mactat
