2918 5054
367 467 569 525 aosarun
590 469 914 526 oaonararouoa
1116 458 1164 529 23

118 629 206 719 BM,
224 630 264 704 id
281 641 337 705 est
355 632 415 722 Bi,
435 633 562 708 decem
580 636 798 727 semilate'ra,
816 648 854 712 et
870 636 1026 733 proinde
1043 636 1091 712 Bi
1107 649 1164 713 'est
1196 667 1282 713 reor.
1298 667 1352 708 vn.

117 744 267 839 aequalis
283 746 387 818 arcui
405 745 471 821 AC
488 748 548 824 vel
566 749 644 823 BD.
1178 739 1377 851 ὦῶ,

167 857 292 931 Duota
309 859 380 932 ΑΚ
398 872 437 934 et
454 861 636 958 producta
649 863 698 937 ad
713 863 811 937 latus
828 861 891 939 Bc
904 863 944 937 in
957 863 1001 953 P,
1015 864 1087 938 erit
1099 865 1164 940 ΑΡ
1177 875 1243 908 “¹⁰¹⁸
1253 861 1337 908 Μ

115 993 245 1044 secans
264 973 524 1068 augadauro,
542 984 579 1048 et
595 975 657 1049 BP
673 989 829 1072 tangens
848 985 896 1052 30
913 977 1107 1073 graduum,
1125 990 1164 1052 et

115 1083 181 1155 ΑΡ
208 1083 321 1180 dupla
349 1086 421 1159 BP.
473 1088 596 1162 Lateri
624 1086 687 1164 Bc
715 1089 911 1186 adjiciatur
934 1087 989 1164 Ol
1012 1091 1163 1188 aequalis

115 1195 204 1270 BP:
222 1208 261 1270 et
278 1198 349 1271 erit
363 1209 443 1274 tota
455 1199 512 1273 Bk
530 1203 732 1300 composita
745 1227 791 1277 ex
804 1203 918 1277 latere
931 1214 969 1276 et
986 1215 1163 1302 tangente

117 1318 166 1385 30
184 1310 379 1408 graduum.

166 1423 506 1501 Demonstrandum
529 1452 619 1526 ergo
639 1442 697 1504 est
721 1428 820 1504 idem
842 1454 921 1505 esse
946 1433 1164 1529 punctumr‘

117 1549 157 1611 et
176 1537 213 1610 Ic.

164 1652 350 1749 Jungatur
368 1653 421 1728 Αἱ
443 1677 572 1729 secans
595 1653 662 1730 DC
684 1655 723 1728 in
748 1654 803 1728 R:
829 1668 867 1728 et
888 1656 992 1731 radio
1010 1659 1081 1733 DR
1098 1659 1162 1734 de-

114 1767 299 1840 scribatur
316 1791 423 1842 arous
437 1768 688 1864 quadrantalis
706 1770 774 1859 Br,
787 1792 915 1844 secans
928 1770 1162 1868 diagonalem

119 1877 188 1952 BD
201 1880 242 1953 in
258 1880 301 1953 T.

165 1990 304 2068 centro
332 1993 376 2084 T,
403 1994 507 2069 radio
536 1995 615 2086 TD,
643 1993 875 2069 describatur
900 2019 1007 2070 arens
1031 1997 1161 2072 oirouli

112 2129 242 2181 secans
257 2107 321 2181 Bc
332 2107 372 2181 in
387 2108 426 2197 S,
439 2120 477 2182 et
494 2108 720 2205 producatur
738 2109 797 2183 ST
813 2108 861 2184 ad
876 2109 974 2184 latus
988 2109 1060 2183 AD
1075 2111 1113 2185 in
1127 2137 1158 2187 a.

114 2219 210 2294 Sunt
226 2244 317 2317 ergo
334 2222 415 2314 DR,
427 2222 506 2309 ΕΤ,
518 2222 577 2296 TS
596 2223 767 2320 aquales,

163 2335 351 2410 Quoniam
362 2345 485 2408 autem
497 2337 564 2410 ΑΒ
577 2349 634 2410 est
646 2335 768 2410 media
777 2337 1063 2433 proportionalis
1077 2350 1159 2412 tum

111 2445 210 2520 inter
227 2449 292 2521 ΑΡ
314 2460 353 2521 et
374 2450 454 2539 ΕΚ,
480 2461 560 2522 tum
583 2451 681 2523 inter
703 2447 752 2522 Bi
775 2461 813 2523 et
833 2449 916 2538 DR,
940 2462 1021 2523 tum
1044 2451 1157 2525 etiam

109 2559 208 2634 inter
220 2560 453 2656 diagonalem
465 2559 533 2634 BD
547 2572 586 2635 et
598 2563 785 2635 semissem
799 2563 878 2658 ejus
892 2559 953 2652 01,
967 2563 1037 2636 erit
1054 2574 1097 2636 ut
1111 2563 1159 2636 Bi

111 2673 206 2766 (sive
222 2697 331 2747 araus
344 2670 427 2766 Ac)
443 2673 491 2746 ad
506 2673 585 2763 BD,
599 2675 652 2748 ita
666 2674 715 2748 01
730 2673 779 2748 ad
796 2674 866 2748 DR
880 2675 957 2748 sive
976 2675 1044 2748 ST.
1086 2676 1158 2749 At-

110 2810 184 2883 que
200 2786 313 2860 etiam
335 2798 377 2860 ut
402 2786 469 2859 BD
491 2787 540 2860 ad
556 2787 633 2876 ΑΡ,
651 2787 706 2860 ita
728 2786 915 2883 reciproce
932 2788 1000 2861 ΕΚ
1018 2788 1066 2861 ad
1087 2788 1158 2863 DR

111 2899 171 2973 vel
183 2900 254 2974 ST.
306 2897 427 2990 Quare
443 2899 475 2972 si
492 2912 658 2975 sumatur
674 2902 714 2974 in
730 2900 845 2975 latere
858 2898 922 2976 BC
940 2912 1043 2975 recta
1059 2926 1156 3000 quae·

110 3012 197 3087 dam
209 3013 360 3110 aequalis
372 3013 452 3101 EK,
462 3027 554 3109 puta
566 3026 668 3087 recta
681 3013 749 3111 By,
764 3026 803 3088 et
813 3014 900 3088 inde
913 3014 962 3087 ad
976 3014 1073 3089 latus
1084 3014 1156 3088 AD

111 3125 271 3200 dueatur
281 3134 328 3222 με
343 3125 519 3223 parallelo
536 3125 612 3217 AP,
631 3128 703 3201 erit
716 3139 759 3201 ut
775 3125 823 3200 Bi
840 3127 887 3200 ad
904 3137 947 3224 yt
964 3127 1017 3199 ita
1034 3124 1091 3223 By
1109 3126 1157 3201 ad

109 3238 181 3312 ST.
235 3239 360 3314 Quare
386 3252 489 3313 recta
514 3250 556 3336 yt
583 3241 756 3315 transibit
783 3265 849 3337 per
873 3241 915 3332 T,
940 3250 979 3314 et
1002 3240 1072 3314 erit
1098 3240 1157 3337 fl

108 3351 262 3449 aequalis
290 3351 360 3426 ST.
412 3352 523 3428 Quod
545 3364 601 3426 est
623 3354 836 3428 absurdum.
888 3353 956 3438 Est
980 3376 1069 3449 ergo
1096 3353 1155 3428 BS

106 3464 259 3562 aeqnalis
277 3466 357 3554 ΕΚ,
374 3477 413 3539 et
432 3466 478 3539 Sa
494 3466 643 3563 aequalis
662 3467 739 3540 ΑΡ.
776 3466 873 3542 Quia
889 3467 1005 3563 igitur
1017 3465 1083 3540 ΑΡ
1100 3477 1156 3540 est

106 3576 261 3672 aequalis
278 3576 350 3667 Dle,
368 3578 438 3652 erit
463 3577 524 3651 Dlr
543 3578 719 3675 parallelo
740 3577 797 3653 Sa.
850 3579 903 3652 Ut
926 3603 1014 3676 ergo
1033 3576 1090 3651 Blr
1106 3579 1155 3653 ad

111 3688 183 3779 ch,
200 3690 255 3763 ita
272 3701 328 3763 est
345 3691 404 3764 BS
415 3690 463 3763 ad
481 3691 549 3764 ST.
586 3692 681 3765 Sunt
698 3715 787 3788 ergo
802 3692 849 3765 Bi
863 3702 900 3764 et
914 3692 970 3765 Ble
983 3691 1153 3787 aequales.

111 3803 224 3878 Quod
241 3816 321 3878 erat
337 3805 580 3901 propositum.

163 3917 330 3991 Corraect.
350 3919 399 3992 iv.
432 3920 608 4015 Sequitur
623 3918 710 3991 hine
731 3930 872 3992 rectam
896 3916 982 4006 HR,
1000 3940 1083 4013 quae
1099 3929 1155 3992 est

109 4031 401 4128 differentiaque
412 4031 496 4104 duae
509 4031 647 4128 quintae
660 4055 768 4105 arcus
782 4029 848 4105 Aa
860 4045 1036 4126 superant
1047 4032 1155 4104 semi·

108 4145 208 4218 latus
219 4144 305 4232 DH,
317 4146 496 4242 aequalem
507 4168 588 4219 esse
599 4147 662 4219 ΕΚ
677 4145 773 4218 sinui
784 4167 889 4217 verso
902 4152 950 4217 30
960 4144 1155 4240 gradmm.

159 4259 257 4331 Nam
276 4257 360 4330 siin
376 4258 492 4332 latere
507 4258 575 4332 AB
593 4269 759 4357 sumatur
773 4256 846 4331 AV
859 4257 1008 4352 aequalis
1021 4258 1100 4344 ΕΚ,
1116 4268 1154 4329 et

107 4372 213 4447 radio
227 4371 300 4447 Av
318 4371 550 4449 describatur
567 4397 674 4448 arcus
691 4371 820 4448 circuli
836 4395 965 4446 secans
978 4371 1041 4446 ΑΡ
1057 4372 1095 4444 in
1109 4370 1153 4456 Y,
