2932 5054
463 431 518 485 ure
545 431 827 488 urraaruraus
855 412 989 488 runci.
1171 421 1247 489 333

203 594 319 664 Monte
332 605 455 685 patens,
469 621 563 665 auras
576 608 647 665 atro
660 598 779 666 inbibit
791 621 846 666 ore
860 621 1020 685 sequaces.

205 695 302 778 Quod
316 699 562 784 procumbentes
575 696 676 764 oculis
690 698 730 764 de
744 698 888 785 margine
901 699 1011 785 pronis

204 795 290 863 Cum
304 795 499 882 inspicimus,
515 807 641 864 vastum
654 797 871 883 inspectantes
885 808 985 866 terret
998 797 1103 876 inane,

108 906 177 967 260
205 892 457 981 Subjeotumque
470 897 602 964 horrens
615 896 741 962 animus
754 896 844 964 videt
857 897 1031 965 infinitum.

202 993 249 1059 Et
263 994 409 1079 quamvis
423 1005 512 1062 tutos
521 998 589 1082 jam
604 1018 795 1080 securosque
809 996 894 1062 tueri

203 1093 367 1160 Continuo
381 1105 503 1162 stantes
517 1096 688 1162 hortentur
701 1119 857 1163 marmore
871 1096 960 1184 ripae,

201 1191 238 1256 N
238 1215 280 1258 on
294 1192 409 1259 animis
423 1193 533 1261 eadem
548 1195 777 1281 spondentibus
791 1218 847 1261 ora
860 1195 1010 1262 barathro

202 1289 380 1369 Demimus,
395 1302 430 1358 et
443 1292 512 1359 diro
526 1293 667 1381 regnatis
681 1293 761 1360 Dite
775 1294 924 1360 tenebris

201 1390 255 1456 At
268 1390 388 1478 lapides
401 1402 471 1459 toto
485 1415 609 1480 sparsos
619 1393 838 1479 conquirimus
852 1416 940 1481 agro,

202 1487 347 1556 Verbere
362 1489 419 1575 qni
433 1491 574 1569 tandem,
588 1491 756 1579 perlonga
769 1491 896 1558 silentia
908 1490 1008 1570 missi,

203 1587 285 1670 Quis
300 1588 343 1655 sit
356 1589 403 1656 eis
416 1590 551 1657 doceant
564 1591 607 1679 (si
621 1591 695 1678 quis
709 1589 767 1678 sit)
780 1590 854 1657 finis
867 1590 974 1657 eundi

201 1686 296 1754 Missi
311 1688 482 1755 subsidunt
494 1690 625 1777 lapides,
640 1690 826 1776 feriuntque
840 1689 989 1757 cedentes

202 1785 334 1855 Caecum
348 1787 420 1870 (sed
433 1788 529 1877 longo
542 1789 665 1857 feriunt
678 1800 751 1877 post
764 1789 923 1876 tempore)
936 1811 1058 1876 rupem.

108 1891 177 1955 270
202 1885 283 1953 Inde
297 1887 424 1965 docent,
438 1888 543 1955 decies
557 1888 695 1976 repetito
708 1890 839 1955 verbere
853 1888 944 1973 lapsi,

200 1984 361 2074 Deceptos
375 1985 480 2054 decies
492 1986 706 2074 nequicquam
720 2009 863 2074 quarere
876 1985 1025 2053 fundum.

200 2085 289 2151 Tum
304 2108 379 2152 vero
393 2085 551 2164 ardemus,
565 2086 593 2153 si
607 2087 656 2153 vis
670 2086 861 2173 respondeat
874 2109 976 2171 aequa,

201 2183 353 2273 Iugerere
367 2184 509 2272 integras
523 2196 639 2263 turres,
654 2196 688 2252 et
701 2195 788 2252 tecta
800 2185 843 2272 (si
857 2185 1015 2264 adessent,

201 2283 248 2350 Et
261 2308 326 2351 non
340 2295 476 2372 angusto
492 2285 586 2352 tellus
600 2285 695 2351 nimia
709 2308 764 2352 oro
778 2283 925 2372 negaret)

201 2381 288 2450 Tota
302 2383 406 2462 simul,
421 2394 571 2471 totosque
586 2384 667 2451 altos
680 2384 726 2451 ibi
741 2384 873 2470 perdere
886 2393 1023 2450 montes.

201 2481 300 2564 Quod
313 2482 398 2560 licet,
413 2482 544 2549 immani
557 2483 699 2550 defixum
713 2482 852 2569 pondere
868 2505 981 2548 saxum

200 2582 249 2648 Vi
263 2581 365 2649 multa
379 2583 530 2661 enaimus,
545 2606 645 2670 prona
658 2589 692 2650 et
710 2583 824 2649 tellure
838 2581 987 2648 volutum

202 2681 355 2750 Sistimus
369 2681 410 2748 ad
424 2704 549 2749 sacrum
562 2682 671 2749 limen.
716 2681 804 2747 Tum
818 2681 896 2747 talia
909 2680 1031 2747 fomur:

201 2787 223 2818 ‘⁶
238 2779 435 2846 Umbrarum
450 2780 601 2868 praefecte
614 2780 706 2847 Deus
721 2779 924 2857 cruciatibus,
939 2800 1023 2857 ecoe,

109 2888 178 2950 280
201 2887 224 2918 “
240 2878 351 2946 Securi
365 2890 482 2946 nostrae
498 2879 602 2958 sortis,
618 2879 761 2964 certique
776 2901 920 2965 supernae

201 2986 224 3017 “
237 2977 263 3045 J
263 2978 438 3066 ampridem
453 2979 547 3058 sedis,
561 2979 612 3066 (ni
626 3002 684 3046 uos
698 2978 758 3045 tibi
772 2977 920 3045 concolor
934 2975 1050 3042 author

201 3086 224 3118 “
238 3077 373 3163 Fallat),
388 3089 586 3146 tormentum
595 3079 664 3165 jam
677 3077 818 3145 inventis
832 3076 977 3142 addimus
991 3098 1103 3141 unum.

200 3184 224 3215 ‘⁴
238 3176 329 3244 Pone
344 3179 404 3244 sub
418 3177 478 3244 hac
492 3177 582 3255 rima,
598 3177 658 3243 tibi
672 3177 700 3243 si
714 3200 779 3262 qua
792 3175 836 3242 sit
849 3176 963 3242 umbra
975 3174 1112 3252 rebellis,

201 3283 225 3315 “
238 3274 422 3364 Insignisve
436 3277 500 3343 lide
514 3277 643 3344 violata.
689 3274 799 3343 Subde
815 3274 988 3352 Simonem,

201 3382 225 3414 “
239 3376 315 3442 Aut
327 3375 449 3443 dudam
466 3375 505 3460 (J
508 3376 604 3442 udam
618 3373 824 3461 Iscarioteu)=
839 3373 941 3439 subde
956 3371 1129 3459 Gigantes:

201 3480 224 3513 “
238 3472 382 3542 Contriti
395 3474 475 3542 fient
488 3475 673 3540 umbrarum
687 3473 834 3560 protinus
848 3473 979 3538 umbroe.

202 3581 225 3613 “
239 3573 292 3643 At
307 3596 374 3651 vos,
389 3593 409 3639 o
423 3572 545 3650 animno,
562 3572 680 3658 quibus
694 3571 853 3638 incaluere
868 3569 1002 3637 retentis

201 3680 225 3712 “
240 3671 381 3760 Cognita
396 3672 580 3750 amicorum,
595 3672 776 3757 dilectoque
789 3693 921 3758 corpora
934 3668 1036 3746 nobis,

202 3779 226 3810 “
241 3771 341 3838 Ferte
355 3772 469 3858 pedem
483 3781 569 3838 retro
583 3771 724 3850 monitae,
739 3780 774 3837 et
787 3794 852 3837 non
871 3769 1006 3836 temnite
1019 3767 1137 3834 diota”

109 3887 176 3949 290
203 3870 258 3939 Sic
272 3871 342 3949 fati,
355 3870 492 3958 lapidem
508 3870 714 3938 demittimus
759 3869 821 3936 Ille
835 3892 892 3956 per
906 3891 998 3934 auras

202 3969 407 4058 stagnantes,
422 3969 520 4035 densa
534 3992 672 4035 moerens
686 3967 832 4055 caligine,
847 3966 951 4033 fertur

200 4069 243 4136 In
258 4070 432 4158 scopulum.
479 4068 588 4134 Gemit
601 4069 794 4135 horrendum
809 4088 958 4154 percussa
971 4086 1115 4140 caverna,

201 4168 395 4254 Collisaeque
409 4168 496 4235 cient
509 4168 573 4233 alte
588 4167 724 4254 suspiria
738 4166 845 4234 moles

201 4269 383 4336 Excussum
398 4268 499 4354 primo
514 4265 662 4354 scopulus
673 4290 748 4333 mox
762 4264 883 4352 excipit
896 4264 986 4343 alter,

202 4368 330 4437 Audito
344 4367 452 4436 sonitu
466 4366 558 4433 nobis
571 4366 687 4444 minus,
703 4376 737 4433 at
751 4363 853 4450 magis
868 4362 963 4430 Orco.
