2932 5054
347 445 535 507 smenon
553 448 827 502 anemurium
846 448 935 502 nno.
1095 432 1163 499 155

121 626 161 686 et
190 611 337 687 defectu
366 613 592 689 definitionis
618 617 698 713 ejus
720 628 861 690 temere
884 615 930 689 de
952 625 1086 690 natura
1107 614 1166 688 in-
1226 636 1295 679 cir.
1309 635 1331 676 1·

108 726 219 820 finiti
231 725 463 824 disputantes
473 742 700 820 erraverunt,
714 754 783 826 ego
797 730 850 804 sic
865 728 1021 802 definio:
1044 727 1167 815 Quon-
1192 702 1350 825 „ff

121 840 215 912 titus
232 849 290 913 ert
306 841 526 939 magnitudo
552 842 802 916 determinato
824 842 1059 939 undiquaque
1070 867 1086 924 ,·
1110 839 1170 915 uu
1191 833 1312 892 peneus,
1320 839 1362 877 ⁸¹⁰·

113 975 191 1048 per
207 953 487 1051 expositionem,
504 964 546 1027 ut
566 956 742 1052 querenti
766 965 906 1054 quantu
932 954 985 1029 sit
1010 977 1167 1052 respon-

121 1064 258 1138 dentur
274 1078 450 1163 qnantum
467 1067 590 1158 vides3
618 1067 678 1142 od
687 1091 761 1165 per
784 1065 1109 1166 comparutionem,
1127 1076 1169 1141 ul

120 1179 390 1275 respondeatur
419 1190 561 1255 tantam
602 1205 685 1255 csse
719 1191 875 1280 quantus
899 1191 956 1254 est
989 1202 1083 1253 unus
1108 1179 1171 1253 uel

114 1291 252 1389 plures
264 1293 397 1391 pedes,
413 1293 475 1367 uel
489 1294 568 1368 olio
585 1295 691 1368 modo
707 1294 836 1368 simili.

173 1404 248 1478 Sed
273 1429 385 1503 supra
415 1407 539 1481 omnia
565 1407 726 1480 rationis
754 1406 1006 1480 definitionem
1031 1406 1168 1480 habere

122 1529 334 1592 accuratam
352 1518 473 1610 debet,
492 1532 531 1593 et
548 1520 867 1615 comparationum
882 1519 1103 1592 varietates:
1130 1529 1169 1592 et

120 1632 476 1728 praeterearationes
490 1631 639 1719 addere,
652 1633 897 1720 substrahere,
910 1630 1167 1728 multiplicare,

122 1753 161 1816 et
178 1743 342 1817 dividere
359 1744 463 1819 sciat.
505 1746 611 1833 Quae,
626 1745 696 1819 etsi
709 1746 884 1842 pleraque
901 1743 1105 1818 doceantur
1121 1745 1168 1819 ab

122 1856 276 1930 Euclide
293 1869 331 1931 et
347 1857 445 1931 illius
463 1859 739 1956 interpretibus,
757 1858 931 1932 reducam
948 1870 1075 1931 tamen
1091 1858 1169 1932 fere

123 1971 248 2043 omnin
263 1970 312 2045 ad
329 1984 441 2068 caput
456 1973 678 2069 proximum.

36 2143 41 2152 .
174 2083 335 2180 Cognita
351 2086 507 2159 materia
524 2098 563 2159 et
580 2085 670 2182 quid
686 2085 726 2159 in
742 2085 805 2159 illa
822 2084 1030 2183 quaerimus,
1047 2084 1170 2180 proxi·

122 2221 228 2270 mum
245 2208 301 2271 est
311 2198 508 2296 prinupio
526 2222 682 2272 sumere.
736 2198 849 2296 Cujus
865 2199 919 2272 rei
934 2198 1169 2297 principio?

124 2309 310 2407 Principia
327 2311 503 2401 scientiae,
519 2313 595 2385 sive
617 2310 756 2384 sciendi
779 2311 818 2384 id
835 2311 935 2407 quod
960 2312 1169 2410 quaerimus.

125 2424 221 2498 Sciri
248 2435 373 2498 autem
401 2437 538 2521 praeter
559 2427 732 2499 veritates
757 2425 849 2498 nihil
875 2437 1013 2522 potest.
1065 2426 1170 2499 Prin·

124 2537 223 2634 cipia
255 2537 368 2634 igitur
402 2537 673 2612 mathematica
703 2547 789 2611 sunt
814 2540 994 2612 veritates
1016 2539 1169 2637 primo,

126 2673 220 2747 quas
237 2673 312 2724 non
331 2649 517 2741 docemur,
529 2651 594 2724 sed
610 2651 749 2724 lumine
767 2652 926 2727 naturali
939 2653 1047 2726 simul
1060 2676 1173 2749 agno.

124 2765 316 2838 scimusne
339 2765 586 2862 proferuntur.
639 2766 911 2861 Propositiones
937 2790 1024 2862 ergo
1033 2767 1172 2865 prima

124 2876 369 2973 appellantur,
387 2879 475 2973 quia
499 2902 549 2952 ex
578 2879 649 2952 illis
676 2879 785 2974 primi
810 2879 973 2951 omnium
1000 2890 1172 2951 constant
1229 2968 1234 2980 .

126 2989 338 3085 syllogismi.
404 2991 489 3064 Non
525 2993 639 3086 igitur
669 2991 832 3064 scientiae
866 2992 1072 3085 subjectum
1106 3002 1171 3063 aut

124 3125 211 3199 pars
228 3103 306 3199 ejus
324 3102 448 3198 aliqua
460 3104 683 3200 principium
701 3103 898 3177 dicendum
915 3115 982 3193 est,
997 3114 1041 3176 ut
1057 3128 1172 3199 punc-

125 3228 207 3289 tum
219 3217 442 3311 geometriae,
456 3215 515 3290 vel
533 3219 655 3291 unitas
668 3217 921 3306 arithmeticae,
937 3228 979 3290 ut
995 3217 1172 3314 magister

126 3329 278 3425 quidam
291 3329 436 3425 publice
455 3329 604 3404 docuit:
631 3331 701 3404 etsi
715 3330 991 3403 Elementorum
1009 3330 1172 3404 Euclidis

125 3442 221 3515 liber
246 3443 387 3538 primns
412 3444 566 3542 incipiat
595 3468 617 3517 a
645 3456 798 3540 puncto,
821 3455 859 3516 et
881 3443 975 3517 liber
995 3444 1172 3541 septimus

126 3555 175 3629 ab
193 3557 345 3630 unitate.

178 3668 363 3766 Principia
378 3670 662 3758 mathematicae,
677 3694 742 3743 seu
759 3670 1027 3767 propositiones
1043 3671 1172 3766 primae

127 3793 216 3855 sunt
247 3781 494 3876 definitiones.
547 3783 622 3856 Sed
647 3807 719 3873 eas,
738 3795 781 3856 ut
798 3783 907 3856 utiles
924 3807 1002 3856 esse
1019 3783 1171 3879 possint,

126 3919 203 3969 nou
220 3894 332 3968 modo
348 3919 467 3985 veras,
485 3895 679 3969 sedetiam
697 3908 888 3969 accuratas
905 3919 983 3969 esse
1001 3907 1171 3992 oportet:

126 4032 175 4082 ne
187 4011 227 4081 iu
237 4008 416 4081 varietate
429 4021 534 4081 tanta
545 4009 855 4105 significationum
868 4020 933 4083 aut
949 4032 1015 4104 per
1031 4009 1174 4082 incerta

126 4121 421 4220 progrediamur,
440 4135 483 4196 ut
499 4123 686 4218 perpetuis
709 4121 1008 4195 distinctionibus
1024 4121 1174 4195 tramite

127 4234 285 4332 depulsi,
312 4248 492 4330 perpetuo
520 4235 693 4324 rixantes
722 4235 916 4309 veritatem
950 4234 1173 4309 amittamus.

128 4347 453 4426 Quemadmodum
467 4349 565 4422 enim
583 4349 621 4422 in
639 4348 761 4423 media
778 4371 914 4422 corona
932 4348 1173 4423 molossorum
