2932 5054
542 439 876 495 nccnnsmsrlcn.
1155 431 1224 501 361

191 597 272 664 Mox
284 598 349 666 illis
362 601 481 668 bellum
493 604 616 690 peperit
630 607 788 673 sententia
801 607 941 674 discors:

232 697 377 785 Pugnari
391 711 425 767 et
439 714 578 789 ereptum
593 715 643 770 est
652 704 792 772 fustibus
807 718 840 772 et
854 707 985 774 buculis.

190 795 263 864 Nee
277 796 400 865 Grseois
413 810 541 867 tantum
555 802 619 869 fuit
632 803 701 870 haee
715 805 869 891 sapientia
883 807 991 873 eor-di:

236 895 363 964 Semina
377 900 498 967 dissidii
512 903 627 989 sparsit
641 904 761 988 ubique
771 904 843 971 loci.

192 994 358 1078 Quantum
373 1001 457 1067 orbis
471 1001 576 1087 patuit
591 1003 764 1081 Romanus,
779 1003 849 1069 rixa
859 1014 928 1071 erat
941 1004 1026 1073 inter

234 1095 342 1165 caeos
356 1099 395 1166 de
411 1101 526 1185 “Quis
540 1102 637 1169 habet
651 1102 773 1168 lumina
786 1103 871 1170 elara
884 1105 1011 1192 magis”.

191 1193 337 1277 Quorum
351 1199 427 1264 olim
441 1223 544 1267 mores
558 1202 682 1289 lepidus
696 1202 844 1289 depinxit
857 1203 984 1291 ineptos

235 1295 376 1375 Lusius¹,
391 1308 425 1364 et
438 1310 608 1386 postquam
622 1301 717 1367 desiit
731 1324 799 1368 esse
815 1303 946 1369 Asinus.

189 1391 242 1459 De
257 1416 393 1478 quorum
408 1397 505 1474 vitiis,
520 1408 559 1464 ut
573 1399 706 1486 dignum
718 1410 776 1477 est,
793 1400 1004 1487 stultitiaque,

235 1493 449 1576 Quantumvis
463 1496 581 1575 rhetor,
597 1498 701 1565 dioere
715 1521 808 1565 nemo
822 1508 940 1586 potest.
1164 1501 1230 1565 440

191 1591 268 1659 Vile
282 1615 393 1679 genus,
408 1595 489 1661 lueri
503 1597 664 1684 cupidum,
679 1597 726 1662 nil
739 1607 834 1684 turpe
849 1621 997 1665 recusans

235 1692 319 1758 Auri
332 1695 517 1761 suaveolens
529 1696 616 1762 unde
631 1697 755 1763 veniret
769 1697 866 1763 odor:

191 1789 308 1857 Infima
321 1790 386 1857 saex
400 1792 510 1879 plebis,
526 1817 647 1881 psuper
659 1818 748 1882 gens,
759 1805 857 1880 stque
871 1797 1016 1883 superba,

234 1889 367 1956 Nullius
381 1891 478 1980 frugi,
493 1893 540 1959 nil
554 1894 616 1959 nisi
629 1896 728 1960 barbe
740 1894 867 1982 gravis:

192 1989 366 2057 Frontibus
381 1994 515 2059 austeris
529 1993 667 2072 obsoeni,
682 2005 815 2079 totaque
829 1993 897 2060 vita

234 2088 382 2176 Ipsorum
398 2103 508 2159 eontra
523 2115 620 2178 quam
634 2094 770 2160 docuere
784 2092 858 2159 fuit.

190 2187 257 2254 Sec.
279 2189 314 2254 N
316 2213 378 2257 une
392 2213 521 2277 quoque
536 2191 715 2261 Centauros
729 2192 838 2258 videor
853 2190 1074 2278 Lspithusque
1088 2191 1208 2272 videre,

235 2289 391 2358 Clamosae
407 2293 532 2377 quoties
546 2292 639 2358 sudio
650 2294 748 2359 verba
764 2290 897 2359 Schola„

191 2388 342 2455 Necnon
358 2389 569 2478 Theiologum
584 2390 673 2457 libris
689 2389 832 2456 eonvieis
845 2388 932 2455 foeda

233 2486 347 2565 Miror,
363 2498 397 2553 et
410 2488 568 2575 indignor,
583 2510 722 2573 eumque
735 2489 852 2554 rubore
865 2486 946 2574 lego.
1166 2491 1232 2554 450

192 2586 228 2651 N
228 2609 279 2652 am
295 2586 352 2671 qui
366 2586 551 2674 Theiologis
565 2587 724 2664 dissentit,
739 2586 885 2673 protinus
899 2585 990 2651 audit

236 2684 359 2751 Passim
374 2686 587 2772 Bloaplemus,
599 2686 726 2762 Athesis,
741 2685 923 2750 Hurrstieus.

192 2784 343 2871 Improba
357 2806 421 2850 non
437 2785 651 2851 diuet-mulier
664 2783 808 2851 eonvieia
821 2805 954 2860 summa,

236 2884 272 2951 Si
286 2906 350 2951 non
366 2906 399 2949 se
413 2884 521 2948 laessm
535 2884 653 2950 sentiat
664 2905 732 2950 esse
746 2882 845 2970 prius.

191 2985 251 3050 Pr.
274 2983 353 3049 Non
365 2983 477 3048 laesum
491 2982 593 3048 eredis
608 2982 738 3058 olerum,
754 2978 909 3067 sapientia
923 3000 1060 3065 quorum

235 3082 415 3169 Spernitur,
430 3092 464 3148 et
477 3082 567 3168 parvi
578 3081 707 3148 ducitur
720 3080 909 3168 ingenium?

194 3183 325 3248 Virtute
339 3181 459 3268 ingenii
474 3181 629 3248 dominari
644 3191 693 3248 est
702 3203 826 3246 summa
839 3178 1004 3265 voluptas:

234 3282 294 3358 Te,
310 3281 426 3365 quibus
440 3279 522 3346 hanc
537 3280 632 3357 tollis,
647 3303 738 3366 posse
753 3279 876 3366 plaeere
891 3278 1007 3364 putas?

192 3380 238 3447 Et
252 3380 369 3465 quibus
383 3389 432 3444 est
446 3379 612 3445 commissa
625 3379 762 3466 teipsum
778 3401 854 3444 eura
874 3375 1018 3453 docendi,

236 3481 291 3545 An
306 3480 430 3545 diversa
444 3490 537 3565 putus
552 3479 638 3544 hisee
653 3479 764 3545 dooere
779 3479 872 3544 leve?
1167 3475 1231 3537 460

195 3578 278 3645 Sunt
293 3578 410 3663 quibus
424 3589 473 3643 est
488 3578 584 3642 etiam
599 3578 752 3643 doetrinae
766 3576 869 3663 gloria
883 3575 983 3661 panis.

235 3676 312 3742 Non
328 3677 424 3754 laedis,
440 3676 559 3743 faciens
573 3677 668 3744 hosee
681 3676 785 3763 perire
799 3675 908 3741 fame?

195 3775 229 3843 Si
244 3775 402 3841 mandrita
415 3799 512 3862 pecus
527 3778 713 3862 subreptum
729 3775 844 3841 viderit
858 3774 908 3851 iri,

237 3875 314 3941 Non
328 3874 377 3940 vis
391 3885 430 3940 ut
443 3875 531 3941 fures
545 3875 661 3941 elamet
674 3874 783 3940 adesse
797 3872 910 3960 gregi?

194 3977 257 4041 Ser.
281 3974 448 4040 Pastorem
462 3997 538 4040 vero
553 3984 639 4040 reete
653 3996 717 4040 non
731 3972 873 4057 increpat
887 3969 968 4034 alter

238 4074 362 4150 Pastor,
377 4096 435 4139 neo
450 4073 553 4139 furem
569 4073 623 4139 fur
636 4075 727 4150 bene,
743 4091 863 4158 parque
878 4089 996 4154 parem.

317 4299 324 4329 ¹
345 4297 464 4367 [Scilicet
481 4297 624 4361 Lucienus,
636 4294 731 4349 sabulae
746 4294 825 4347 Lucu
839 4292 892 4345 sive
903 4292 984 4344 Asrsr
996 4283 1107 4352 ructon]
