2932 5054
603 412 753 466 INDEX.

109 585 156 635 bus
184 584 272 634 ublicis
283 585 336 650 ipso
346 584 453 635 intrssss
462 583 525 643 vult,
536 583 572 633 ibi
583 581 664 632 simile

108 660 147 699 est
191 651 213 699 ei
231 649 348 714 regimini
365 649 451 700 mundi
467 656 559 715 praeter
569 655 664 697 naturis

110 714 229 764 ordinem.
241 714 302 764 ibid.

110 779 284 845 imperantium
299 787 338 829 est
354 778 477 845 respicere
488 778 519 828 sd
530 777 664 828 utilitatem

110 844 218 920 plurium
252 860 415 903 communem,
445 860 495 893 non
524 843 599 908 hujus
626 842 664 891 vel

110 909 177 958 allius
191 908 323 984 propriam.
341 909 366 959 ii.
377 907 551 959 esse-officio
568 906 664 957 satisfe-

111 983 205 1032 cerunt,
222 990 243 1022 ss
255 983 307 1023 toto
318 982 407 1023 conatu
418 971 445 1022 id
456 972 560 1048 egerint,
575 979 604 1021 ιιι
620 988 666 1037 per

112 1039 231 1087 austeres
248 1038 315 1100 leges
328 1054 401 1103 quam
420 1037 534 1102 plurimis
545 1046 613 1086 recte
624 1036 664 1096 sit,

110 1111 137 1151 et
147 1120 220 1168 quam
233 1102 378 1151 diutissime.
390 1102 449 1152 ibid.

110 1167 234 1233 imperans
250 1183 360 1216 summus
378 1167 471 1217 iaceret
487 1165 664 1230 contralegem

110 1244 212 1291 naturae,
223 1232 266 1297 qui
279 1247 328 1281 non
340 1231 451 1281 studeret
467 1242 496 1281 ut
511 1231 578 1280 cives
593 1230 665 1279 bouis

110 1297 231 1355 omnibus,
254 1313 303 1345 non
325 1297 356 1345 ad
379 1296 454 1345 vitam
473 1295 554 1355 modo,
572 1295 617 1344 sed
634 1295 665 1344 sd

109 1361 296 1412 delectationem
303 1361 399 1410 abunde
405 1360 566 1410 instruantur.
574 1360 599 1409 ii.
605 1365 664 1410 299:

109 1426 247 1492 -smplius
265 1442 338 1490 quam
358 1434 387 1475 ut
404 1442 419 1474 a
437 1425 502 1475 bello
520 1434 624 1474 externo
640 1432 665 1474 et

110 1490 177 1539 civili
193 1491 240 1540 tuti
256 1490 386 1540 industrias
403 1490 524 1540 fructibus
541 1489 591 1539 frui
609 1505 665 1556 pos·

110 1555 168 1615 sint,
180 1555 211 1605 ad
221 1555 364 1605 felicitatem
382 1554 474 1605 civium
491 1554 604 1604 conferre
616 1570 665 1603 nou

110 1620 411 1684 potestiissooz-contra
418 1620 498 1685 legem
507 1629 601 1670 natursc
608 1635 664 1684 pec·

111 1693 162 1744 cat,
191 1685 216 1734 ui
223 1685 296 1735 talem
304 1684 441 1736 doctrinam
449 1693 475 1735 et
485 1684 560 1734 talem
571 1685 664 1734 cultum

111 1765 161 1799 non
173 1702 254 1799 iaciat
264 1749 348 1800 doceri
359 1758 385 1800 et
395 1749 517 1810 exhiberi,
527 1765 601 1815 quem
612 1748 666 1814 ipse

112 1814 264 1864 adsalutem
283 1824 401 1864 aeternam
417 1814 509 1864 civium
527 1813 666 1864 necessario

111 1880 249 1929 conducere
260 1880 346 1930 credit
357 1879 417 1929 ibid

111 1944 280 2010 exploratores
288 1945 384 1994 suntad
392 1945 542 2011 imperantes
549 1958 665 2003 summos,

110 2009 177 2058 idem
199 2008 266 2075 quod
281 2009 344 2058 radii
366 2009 428 2059 lucis
445 2009 477 2058 ad
493 2009 599 2058 animem
618 2008 665 2057 hu·

112 2090 216 2124 masam.
234 2074 259 2123 ii.
272 2074 418 2123 soh-sine
436 2074 495 2132 illis,
517 2073 666 2139 imperantes

111 2139 201 2188 summi
212 2155 262 2188 non
273 2139 352 2203 magis
363 2138 424 2204 quid
438 2139 469 2188 ad
479 2138 570 2188 civium
581 2138 665 2187 defeu-

112 2204 206 2253 sionem
223 2203 344 2270 imperato
355 2220 417 2269 opus
428 2213 473 2263 est,
485 2218 558 2267 quem
570 2218 665 2252 araneas

112 2269 211 2345 quando
227 2268 368 2318 excundum
384 2276 410 2318 et
421 2284 470 2333 quo
488 2267 666 2317 occurrendum

112 2343 146 2382 ιιι
156 2333 210 2382 sine
221 2334 270 2382 filis
281 2333 340 2393 suis,
352 2333 415 2382 scire
426 2339 536 2408 possunt.
548 2331 608 2382 ibid

112 2397 146 2446 im
179 2398 257 2448 mutis
275 2397 365 2447 summi
384 2398 527 2463 obhgantur
537 2396 665 2446 civitatum

112 2414 178 2512 maii
196 2479 251 2528 quus
268 2470 389 2521 metuunt,
406 2478 492 2511 curere
511 2477 556 2527 pro
572 2460 666 2510 viribus

112 2543 144 2577 nc
154 2529 306 2592 contingant.
317 2527 343 2576 ii.
351 2533 398 2577 302
405 2542 529 2577 z-eorum
536 2525 610 2575 officii
621 2534 666 2585 est,

113 2599 141 2642 ut
152 2592 267 2652 delegerit
277 2592 374 2658 quoties
388 2608 451 2658 opus
462 2599 506 2650 est,
514 2591 612 2667 judices
623 2607 666 2639 ex-

113 2663 152 2706 tra
168 2656 289 2717 ordinem,
301 2656 344 2723 qui
363 2657 393 2706 de
413 2656 544 2706 ordiuanis
563 2671 667 2719 cognos-

112 2721 440 2772 cant.ii.3ll:—elemeuta
462 2737 526 2770 verm
548 2720 667 2769 doctrinm

113 2785 194 2835 civilis
204 2786 326 2836 conscribi
338 2786 426 2846 iacere,
434 2795 460 2835 et
470 2785 591 2851 imperare
602 2791 630 2834 ιιι
640 2784 666 2832 in

113 2851 245 2900 academiis
256 2851 397 2901 doceantur.
408 2851 434 2900 ii.
446 2856 493 2899 303
499 2865 625 2899 z-curare
639 2856 668 2898 ut

113 2916 263 2965 tributorum
282 2932 358 2965 onera
372 2915 501 2980 aequaliter
511 2916 629 2964 ferantur.
640 2913 667 2963 ii.

113 2980 310 3031 3042-sdhocl
363 2981 469 3030 naturali
478 2979 626 3041 obligantur.
634 2978 666 3027 ib.

110 3046 154 3110 jus
165 2998 356 3095 decernendiedd
366 3045 439 3094 modo
451 3060 500 3110 quo
509 3045 578 3093 Deus
590 3043 667 3092 hono·

113 3110 206 3159 raudus
218 3110 258 3169 sit,
273 3126 369 3159 summo
387 3110 421 3159 im
454 3109 519 3158 ranti
536 3108 668 3158 transtule-

115 3183 175 3224 runt
185 3175 259 3225 cives.
269 3174 295 3224 ii.
305 3181 352 3225 346
361 3174 418 3225 :-il
430 3175 446 3232 i,
455 3174 477 3223 si
484 3174 571 3239 jubeat
582 3189 609 3223 se
619 3173 668 3222 coli

114 3239 252 3289 actionibus
270 3239 360 3305 quibus
376 3239 493 3288 colendus
511 3246 549 3287 est
559 3239 636 3297 Deus,
647 3237 669 3286 si

115 3304 176 3353 tales
187 3304 238 3354 sint
248 3312 277 3354 ut
287 3321 317 3354 eo
327 3304 430 3354 tendant
447 3320 478 3353 na
489 3304 558 3352 Deus
565 3319 669 3368 regnare

115 3369 280 3428 existimetur,
310 3369 473 3419 obediendum
504 3383 554 3417 uon
576 3376 620 3417 est
642 3367 668 3416 ii.

115 3434 278 3484 sss-⁵02-si
294 3442 397 3499 possunt
414 3433 553 3498 significare
564 3432 669 3496 agnitio·

115 3513 172 3548 nem
191 3499 321 3564 potestatis
337 3498 417 3548 civilis
433 3506 536 3558 tantum,
554 3497 670 3547 obedieu-

116 3563 175 3613 dum
187 3572 232 3614 est
244 3564 269 3613 ii.
282 3570 337 3614 250.

116 3644 227 3677 summus
237 3628 362 3694 imperans
372 3644 417 3743 pro
431 3627 553 3703 propheta
566 3626 615 3676 Dei
627 3642 670 3690 sg-

117 3693 263 3752 noscendus‚
282 3710 372 3758 quamo
389 3709 450 3742 rem.
472 3692 508 3741 iri
528 3697 669 3741 ³12:-tum

1165 393 1270 469 lxxiii

715 589 771 645 348,
786 584 903 636 teth-ei
923 585 1121 651 inseparabiliter
1145 602 1270 637 annexum

716 657 754 699 sat
771 650 809 698 'us
822 650 951 716 judicandi
967 667 1023 716 quae
1040 651 1159 702 doctrinm
1169 668 1270 702 conser-

715 666 801 763 vande
820 714 875 780 paci
892 715 966 765 utiles
982 715 1033 765 sint
1044 723 1070 765 et
1080 715 1196 767 docende
1207 717 1271 783 pub·

715 778 769 828 lice.
780 778 816 828 iii.
828 785 882 830 393.

714 844 859 908 imperantis
877 844 966 895 summi
981 845 1057 895 solius
1068 852 1107 895 est
1118 844 1212 907 titulus,
1223 849 1271 895 Dei

713 912 790 971 pratia
811 927 852 958 rer
873 919 919 960 etc.
942 910 978 960 iii.
988 910 1125 962 sss-ille
1141 919 1230 977 potest,
1248 910 1271 960 si

715 973 828 1032 voluerit,
839 974 896 1024 lites
906 974 991 1025 civiles
1007 991 1156 1040 cognoscere
1167 983 1192 1025 et
1203 975 1271 1025 deci-

716 1037 782 1087 dere.
793 1038 828 1088 iii
841 1045 915 1090 3983
922 1040 991 1099 :—is,
1002 1040 1167 1099 Christianus,
1186 1049 1269 1105 potes·

716 1110 792 1151 tatem
799 1103 874 1153 habet
881 1104 908 1153 in
914 1105 1026 1154 subditos
1035 1121 1092 1155 suos
1101 1114 1151 1154 tam
1158 1105 1185 1154 in
1195 1105 1271 1155 rebus

716 1167 747 1216 ad
767 1167 910 1232 religionem
930 1185 1002 1234 quam
1020 1169 1051 1219 ad
1067 1170 1179 1236 politiam
1193 1169 1270 1236 perti·

716 1232 839 1292 uentibus,
851 1243 967 1298 quantam
985 1234 1059 1284 homo
1082 1234 1177 1284 homiui
1196 1250 1270 1300 super

716 1296 823 1361 seipsum
843 1297 902 1347 dare
916 1306 1004 1363 potest
1018 1298 1053 1349 iii.
1065 1305 1113 1349 tos
1122 1301 1215 1365 :-ejus
1232 1309 1270 1349 est

716 1360 898 1426 Scripturarum
905 1363 1052 1428 interpretes
1058 1364 1216 1415 constituere.
1223 1363 1269 1414 ib.:

716 1427 1269 1495 —eacommunieationibusvimpraestare.ib.

716 1489 1271 1623 tererestereres

715 1619 760 1670 ias.
771 1619 806 1670 iii.
817 1627 939 1671 ⁴052—ea
954 1623 1007 1688 jam
1024 1622 1159 1671 constituta
1174 1624 1271 1672 caeteris

716 1684 830 1734 omnibus
841 1686 965 1747 anteferri,
973 1686 1080 1746 defendi,
1089 1694 1115 1736 et
1123 1686 1217 1753 optima
1227 1703 1271 1754 ap-
1367 1726 1374 1737 .

747 1750 803 1799 llari
816 1750 895 1801 debet
907 1751 968 1802 ibid.

731 1823 855 1891 mperator
874 1816 1001 1865 Romanus
1023 1816 1107 1866 sedem
1127 1814 1226 1882 imperii
1246 1824 1272 1866 et

715 1878 844 1993 lreligiensis
863 1879 1024 1947 principslem
1043 1881 1147 1931 eusdem
1163 1897 1218 1931 esse
1228 1897 1271 1931 vo·

726 1959 751 1993 ιιι
792 1961 818 1994 ι.
877 1981 884 1995 .

716 1951 876 2085 ἰιιιῖιιειὶιιιιιῖι2
883 2009 983 2076 regibus
994 2011 1033 2060 vel
1049 2010 1077 2060 in
1088 2009 1203 2060 manibus
1213 2026 1271 2124 pro·

716 2089 778 2139 prus
796 2074 921 2140 integrum
942 2075 1099 2125 retinendum
1122 2083 1167 2134 est,
1185 2091 1214 2125 ve
1243 2076 1271 2125 iu

716 2154 803 2189 manus
825 2139 900 2205 Papus
916 2138 1042 2205 integrum
1060 2139 1214 2190 tradendum.
1234 2140 1270 2190 itt

716 2207 935 2267 tte-smmis
951 2213 977 2256 et
995 2207 1120 2269 spiritualis
1136 2204 1271 2265 distinctio,

717 2268 792 2317 verba
804 2285 878 2319 mera.
889 2269 949 2320 ibid

717 2349 847 2391 summum,
859 2339 916 2399 jure
927 2334 1060 2384 debebatur
1071 2333 1192 2384 sacerdoti
1204 2349 1271 2383 sum·

717 2413 764 2447 mo.
776 2397 801 2447 ιι
809 2404 855 2449 365
862 2402 963 2463 :-secto
970 2400 997 2448 iu
1005 2399 1132 2465 prophetis
1140 2408 1200 2449 erat
1210 2398 1270 2448 ibid.

716 2477 839 2511 summum
850 2463 943 2513 habens
958 2464 980 2513 si
994 2464 1099 2530 jusserit
1108 2464 1202 2529 aliquid
1212 2479 1271 2513 con·

717 2535 755 2576 tra
766 2526 841 2592 leges,
852 2537 980 2593 peccatum
1003 2537 1041 2578 est
1060 2529 1134 2587 illius,
1145 2545 1195 2577 non
1213 2529 1272 2577 sub·

716 2590 770 2641 diti.
778 2591 804 2641 ii.
813 2597 859 2642 371
867 2594 960 2658 2—ejus
971 2601 1009 2643 est
1017 2593 1113 2659 judices
1122 2592 1272 2643 constituere

717 2655 748 2704 de
760 2657 933 2706 controversiis
950 2657 1121 2723 philosophiis.
1139 2658 1166 2707 ii.
1177 2663 1225 2708 388
1231 2679 1273 2708 :-

717 2735 767 2769 non
777 2729 859 2786 potest
876 2723 1091 2772 excommunicari.
1102 2722 1128 2772 ii.
1140 2728 1224 2773 407-8.
1235 2722 1272 2772 ιιι.

717 2785 951 2850 blm—objectioni,
962 2789 1094 2835 uniuersalis
1109 2790 1202 2836 ecelesiis
1216 2805 1270 2835 nac·

718 2853 807 2898 tos-itote
817 2854 1004 2900 excommunicari
1016 2869 1088 2914 porse,
1099 2851 1234 2917 responsio.
1245 2851 1272 2902 ii.

718 2996 840 3029 summum
869 2979 971 3040 habens,
992 2980 1043 3029 obli
1076 2987 1118 3029 tur
1150 2987 1272 3045 quatenus

718 3044 883 3103 Christianus,
893 3045 1033 3110 Scripturas
1059 3061 1128 3094 acras
1138 3061 1183 3110 per
1194 3044 1273 3094 eccle·

719 3109 830 3158 siasticos
852 3109 899 3159 rite
920 3110 1046 3159 ordinatos
1069 3109 1234 3175 interpretari
1244 3109 1273 3159 ii.

718 3180 766 3223 413
772 3174 833 3222 :-is
841 3182 915 3240 caput
922 3183 960 3224 est
968 3182 994 3224 et
1004 3174 1111 3224 civitatis
1119 3182 1144 3224 et
1154 3174 1272 3224 ecclcsiae.

718 3237 845 3288 ibid.:-si
856 3239 936 3288 facere
951 3238 1055 3304 jusserit
1070 3255 1126 3304 qum
1136 3238 1274 3304 puniuntur

719 3312 798 3353 morte
819 3313 918 3363 aeterna,
938 3303 1052 3353 insanum
1070 3311 1175 3353 estnon
1225 3303 1275 3353 tius

719 3368 782 3417 mori
793 3377 895 3417 mortem
908 3368 1044 3418 naturalem
1054 3385 1127 3433 quam
1137 3385 1152 3417 o
1201 3367 1274 3417 ‘endo

719 3432 783 3481 mori
803 3433 831 3481 in
852 3440 979 3483 aeternum.
1002 3433 1028 3483 ii.
1047 3440 1103 3484 415.
1125 3433 1161 3482 iii.
1181 3439 1275 3483 435:—

720 3497 837 3562 quamdiu
849 3498 1017 3548 Christianum
1034 3514 1087 3547 esso
1099 3498 1273 3562 repensetur,

721 3561 826 3611 subditis
835 3563 886 3611 suis
893 3572 921 3612 ιιι
928 3562 1054 3614 Christum
1063 3562 1212 3612 contumelia
1220 3561 1274 3610 affi-

720 3627 787 3676 ciunt
793 3627 915 3692 imperare
922 3644 971 3677 non
980 3636 1069 3693 potest.
1077 3627 1104 3677 ii.
1111 3633 1166 3677 429.
1176 3626 1211 3675 iii
1218 3631 1274 3677 447.

720 3691 852 3756 imperanti
863 3709 960 3741 summo
970 3708 1018 3741 non
1031 3691 1173 3743 Christiano
1184 3691 1211 3740 in
1222 3699 1275 3739 um-

117 3757 253 3822 spiritualis
272 3766 324 3808 tum
344 3757 493 3834 temporalis,
506 3763 622 3805 unusest.
635 3754 670 3804 iii.
716 3759 834 3819 pnralibm
844 3765 883 3806 est
901 3757 1065 3806 obediendum
1076 3757 1102 3805 in
1114 3755 1235 3806 omnibus.
1247 3754 1275 3804 ii.

118 3828 163 3873 337
171 3822 286 3873 :—hsbet
309 3838 374 3872 nunc
395 3838 422 3870 ιιι
448 3822 547 3871 civitate
568 3820 670 3869 eandem

118 3887 292 3936 authoritatem
305 3903 378 3962 quam
389 3886 476 3935 habuit
486 3886 511 3935 in
524 3885 617 3934 familia
627 3901 672 3934 sua

118 3951 330 4001 Abrahamus.ii1.
343 3957 390 4000 333
396 3951 462 4007 :-is,
482 3951 546 3999 sicut
557 3950 671 3999 Abraha-

118 4031 180 4076 mus,
191 4016 258 4065 solus
276 4016 354 4065 divini
365 4015 434 4065 verbi
453 4016 574 4090 interpres
585 4014 672 4063 existi·

118 4081 223 4130 mandus
234 4089 280 4131 est.
291 4081 470 4145 ibidz-qusre
488 4090 563 4129 etrum
574 4079 600 4128 in
611 4079 670 4128 civi·

119 4145 211 4195 tatibus
229 4146 336 4195 ethnicis
354 4155 435 4209 postor
452 4160 549 4209 semper
565 4153 671 4193 vocatus.

119 4208 153 4259 iii.
173 4210 293 4261 ssu-in
314 4211 382 4260 omni
403 4210 502 4260 civitate
523 4209 672 4267 Christiana,

119 4284 203 4339 pastor
214 4290 324 4324 summus
334 4284 379 4326 est
390 4275 425 4325 iii
437 4279 494 4326 397.

119 4339 283 4397 summum‚in
295 4341 369 4389 rebus
379 4349 405 4390 et
415 4339 505 4389 divinis
516 4348 541 4388 et
552 4338 672 4397 civilibus,

119 4403 146 4453 in
166 4403 252 4453 eadem
274 4419 371 4470 semper
393 4421 466 4454 manu
485 4403 532 4452 tuit
550 4403 582 4452 ab
600 4403 673 4452 initio

119 4469 190 4534 regni
202 4467 252 4518 Dei
262 4484 340 4534 usque
351 4469 382 4519 ad
393 4468 567 4535 captivitatem.
574 4467 609 4517 iii.
616 4473 672 4527 347,

189 4575 284 4627 vol..
298 4576 337 4627 V.

720 3821 840 3870 etth-in
860 3825 1015 3884 spiritualibus
1035 3821 1160 3886 sequenda
1181 3828 1219 3870 est
1235 3836 1275 3869 ec·

721 3884 796 3934 clesia
814 3885 896 3950 sliquu
915 3886 1064 3937 Christiana.
1075 3884 1275 3949 ibim-jubenti

722 3949 820 4014 quidvis
830 3961 917 4000 contra
927 3951 1041 4000 mandatu
1050 3950 1099 4000 Dei
1109 3948 1275 4000 resistendum

722 4030 771 4063 nou
787 4022 832 4073 est,
850 4015 893 4065 sed
911 4015 1016 4064 eundem
1034 4015 1065 4065 sd
1083 4014 1213 4066 Christum
1231 4029 1276 4080 per

722 4078 875 4144 martyrium.
886 4080 913 4130 ii.
924 4086 980 4130 430.

723 4144 835 4209 quisquis
852 4161 910 4193 rere
926 4152 952 4195 at
967 4145 1065 4194 interne
1081 4143 1224 4194 crederetur
1244 4143 1276 4194 ab

722 4208 838 4257 universo
854 4225 946 4273 genere
962 4209 1070 4258 humano
1087 4224 1136 4258 non
1153 4224 1226 4275 posse
1237 4224 1273 4258 er-

723 4289 785 4333 rare,
795 4273 893 4338 imperii
904 4286 986 4324 certus
996 4283 1068 4333 esset,
1077 4281 1130 4323 tum
1141 4272 1277 4339 spiritualis

724 4347 776 4387 tum
788 4338 936 4414 temporalis,
946 4339 972 4388 in
988 4338 1130 4388 universum
1140 4354 1219 4405 genua
1229 4337 1277 4387 hu·

724 4418 831 4451 manum.
842 4402 869 4451 ti.
880 4410 936 4453 431.

723 4467 848 4532 imperans
870 4483 979 4518 mmmus
995 4468 1061 4518 solus
1080 4477 1125 4528 est,
1141 4484 1187 4534 per
1203 4483 1277 4532 quem

1154 4553 1178 4625 Ie
