2932 5054
364 425 563 484 ausurum
584 426 906 480 onounnrucun.
1107 414 1155 480 39

113 592 188 668 At:
209 595 461 691 jungaturque
479 610 531 687 aa.
581 592 663 668 Erit
688 592 801 690 igitur
829 592 1056 690 triangulum
1079 593 1156 684 Kap
1179 620 1264 661 raon.
1279 621 1355 662 xv11.

115 708 392 805 aequilaterum:
418 707 650 781 basisautem
664 709 743 804 ejus
759 724 800 800 aa
817 709 1036 782 secabitura
1052 719 1156 781 recta
1169 691 1352 791 affl

114 820 182 895 ΚΕ
199 820 380 909 bifariam,
399 832 437 893 et
454 820 501 893 ad
518 822 673 917 angulos
691 831 823 895 rectos.
1167 811 1251 869 ‘lul‘
1261 817 1294 855 ‘⁸‘
1304 818 1344 856 aa.

114 987 117 993 -
163 933 220 1006 Ex
237 945 341 1007 recta
369 934 439 1016 BP,
458 957 540 1030 quae
567 946 624 1007 est
652 946 807 1030 tangens
831 941 879 1008 30
896 931 1089 1029 graduum,
1116 943 1156 1005 et

112 1067 160 1116 ex
187 1044 329 1120 duabus
354 1047 465 1120 rectis
495 1070 652 1142 quarum
677 1057 832 1144 utraque
858 1046 907 1119 sit
928 1045 1077 1142 aequalis
1101 1060 1154 1136 «β,

110 1159 180 1232 fiat
197 1158 422 1256 triangulum
438 1175 523 1253 αβγι
549 1169 588 1233 et
604 1158 676 1232 erit
690 1171 734 1249 βγ
751 1158 900 1254 aequalis
917 1174 970 1250 αβ.

165 1270 236 1343 Per
252 1271 325 1344 tria
340 1282 479 1368 puncta
494 1313 525 1360 a,
537 1285 571 1359 β,
586 1310 605 1360 t
624 1271 852 1345 describatur
867 1271 1037 1362 circulus,
1051 1269 1155 1367 cujus

113 1395 285 1461 centrum
301 1385 350 1458 sit
366 1385 410 1474 G,
428 1383 698 1458 semidiameter
715 1384 769 1470 Ga
784 1385 843 1457 vel
856 1385 921 1458 Ga.

166 1497 352 1572 Quoniam
363 1512 489 1571 autem
498 1498 559 1571 EF
568 1497 645 1571 sive
655 1497 721 1571 AB
734 1498 913 1571 diameter
929 1498 1081 1594 sphaerae
1098 1508 1156 1571 est

114 1609 163 1685 ad
178 1609 256 1700 BP,
268 1610 307 1684 id
323 1621 379 1684 est
395 1609 443 1684 ad
460 1646 512 1699 αγ,
535 1612 703 1706 potentia
719 1623 761 1684 ut
775 1609 856 1684 3ad
875 1620 906 1700 l,
920 1611 991 1684 erit
1007 1652 1047 1703 a,
1059 1610 1155 1684 latus

114 1723 201 1796 cubi
234 1723 402 1820 inscripti
429 1725 468 1798 in
498 1725 640 1821 sphaera
670 1725 774 1820 cujus
802 1722 980 1796 diameter
1003 1734 1060 1795 est
1084 1723 1154 1796 EF.

114 1839 164 1915 Et
195 1839 368 1934 quoniam
396 1837 478 1935 (per
498 1837 786 1936 propositionem
802 1836 912 1932 hujus
928 1835 1004 1928 xiv)
1026 1847 1157 1931 quarta

114 1975 201 2048 pars
225 1951 429 2047 diagonalis
457 1964 515 2026 est
542 1952 660 2047 majus
682 1963 912 2046 segmentum
929 1949 1054 2021 lateris
1072 1948 1156 2021 cubi

117 2063 224 2138 divisi
252 2079 418 2140 extrema
441 2079 479 2140 et
508 2064 630 2138 media
654 2065 816 2148 ratioue;
844 2062 915 2136 erit
941 2063 1023 2158 (per
1039 2061 1154 2134 Elem.

116 2176 192 2267 xiii,
211 2202 315 2275 prop.
331 2179 370 2272 8)
403 2191 505 2253 recta
532 2192 573 2265 αβ
599 2178 696 2251 latus
722 2176 924 2273 pentagoni
950 2176 989 2248 in
1019 2175 1156 2249 circulo

115 2298 203 2374 «1³73
230 2301 270 2363 et
287 2291 406 2386 ipsum
422 2304 674 2388 pentagonum
687 2313 762 2363 una
779 2313 824 2362 ex
841 2287 1043 2362 duodecem
1060 2287 1156 2362 sedi-

115 2403 185 2477 bus
221 2402 441 2477 dodecaedri
466 2404 507 2477 in
536 2402 666 2476 eadem
691 2427 776 2476 cum
800 2401 990 2476 icosaedro
1014 2402 1157 2498 sphaera

114 2515 294 2612 inscripti.

164 2629 406 2726 Compleatur
421 2640 673 2726 pentagonum
691 2637 794 2716 αβγδε.

163 2744 332 2817 Ducatur
365 2756 466 2817 recta
500 2744 574 2831 AF,
600 2765 728 2815 secans
757 2763 885 2814 arcum
908 2740 1012 2813 AKC
1043 2739 1082 2814 in
1097 2740 1155 2837 f:

114 2858 269 2953 eritque,
286 2866 330 2929 ut
361 2856 450 2930 satis
473 2869 603 2930 notum
631 2865 685 2928 est
712 2855 921 2950 geometris,
939 2853 997 2947 ΒΧ
1018 2854 1157 2949 quintae

114 2972 231 3067 partis
253 2969 379 3044 lateris
396 2970 476 3059 ΑΒ,
500 2969 578 3043 sive
605 2967 776 3041 diametri
806 2968 972 3063 sphaerae,
988 2967 1157 3063 potentia

118 3083 323 3182 quintupla.

168 3196 407 3270 Describatur
420 3194 572 3268 seorsim
587 3194 691 3267 radio
706 3194 776 3281 lH,
792 3193 855 3290 qui
872 3193 920 3266 sit
933 3192 1081 3288 aequalis
1094 3190 1158 3289 Bf,

118 3311 278 3386 circulus
313 3308 394 3397 HL,
424 3309 462 3381 in
492 3333 565 3404 quo
595 3309 691 3381 latus
721 3308 922 3404 pentagoni
955 3306 1158 3403 aequilateri

119 3425 169 3523 sit
188 3422 269 3496 HL.
323 3422 403 3495 Erit
428 3445 517 3517 ergo
542 3422 612 3495 HL
637 3421 733 3494 latus
762 3419 941 3494 icosaedri
964 3421 1002 3494 in
1030 3420 1158 3493 eadem

119 3539 275 3635 sphaera,
291 3559 358 3632 per
375 3535 491 3608 Elem.
508 3535 584 3623 xiii,
603 3559 706 3631 prop.
731 3541 786 3607 16.

169 3652 268 3747 Ergo
289 3656 371 3745 (per
387 3648 502 3721 Elem.
515 3649 588 3736 xiv,
603 3672 705 3744 prop.
722 3657 756 3737 5,
768 3647 938 3720 editionis
957 3643 1156 3734 Clavianae)

119 3778 221 3838 recta
240 3763 310 3836 HL
327 3774 383 3836 est
397 3762 494 3834 latus
511 3762 685 3856 trianguli
703 3760 906 3856 aequilateri
926 3757 1094 3854 inscripti
1120 3758 1159 3829 in

120 3877 248 3951 eodem
268 3874 419 3949 circulo.
472 3873 698 3946 Inscribatur
721 3873 759 3944 iu
784 3871 920 3944 circulo
937 3880 1027 3957 αβγδε
1045 3869 1160 3943 trian-

119 3991 247 4087 gulum
277 3986 530 4083 aequilaterum
552 4003 618 4070 αζη.
669 3985 750 4058 Erit
776 3984 889 4079 igitur
911 3982 1062 4067 orlatus
1084 3984 1160 4057 ico-

120 4099 241 4176 aaedri
259 4098 297 4170 iu
315 4097 460 4192 sphaera
477 4099 580 4194 cujus
597 4097 775 4171 diameter
792 4107 848 4169 est
864 4096 936 4169 EF.

169 4209 451 4288 Ostendendum
469 4222 523 4284 est
541 4224 679 4284 rectam
697 4231 735 4298 ac
754 4209 931 4306 aequalem
948 4232 1027 4281 esse
1042 4208 1161 4283 tertiae

118 4327 217 4434 parti
249 4324 470 4400 semicirculi
495 4324 812 4425 asemidiametro
832 4323 903 4414 BF,
921 4321 960 4396 id
987 4336 1044 4397 est
1060 4321 1163 4397 arcui
