2932 5054
289 1084 426 1168 LUX
467 1082 974 1168 MATHEMATICA.

448 1527 768 1583 coNTRovuRsla
788 1531 816 1582 1.

137 1671 200 1744 De
216 1668 402 1742 rationum
418 1668 560 1743 calculo
571 1694 647 1771 per
660 1669 930 1770 magnitudines
948 1670 1121 1766 infinitae.

111 1835 357 1908 Wauulslus
385 1833 519 1908 librum
552 1835 599 1908 de
633 1835 884 1909 Arithmett'ca
917 1835 1357 1930 Infinitoramoouruovua·

112 1947 292 2036 ediderat,
310 1948 415 2044 cujus
431 1948 634 2045 propositio
649 1949 767 2045 prima
783 1962 862 2022 erat
879 1948 958 2022 haeo
973 1976 982 2020 ε
1000 1947 1044 2020 Si
1053 1972 1149 2047 pro·
1187 1947 1330 2054 Q

105 2070 274 2161 ponatm
289 2061 409 2133 series
424 2061 670 2159 quantitatum
686 2060 918 2134 arithmetice
933 2061 1151 2159 proportio·

112 2172 263 2261 aelirum,
280 2172 359 2246 siae
367 2175 485 2269 juata
502 2173 666 2246 ordinem
691 2173 898 2247 naturalem
922 2198 1150 2248 numeroram

108 2295 291 2384 perpetua
308 2285 550 2359 crescentium
566 2310 591 2358 a
602 2295 753 2384 pruneto,
766 2287 844 2360 aiae
857 2295 893 2375 0,
900 2295 999 2385 puta
1014 2296 1049 2375 0,
1068 2296 1149 2378 1,2,

113 2407 150 2488 3,
161 2407 198 2486 4,
215 2407 308 2481 ete.;
324 2397 563 2496 propositum
575 2399 627 2471 eit
643 2398 828 2495 inquirere
844 2424 952 2498 quam
968 2400 1150 2475 rationem

111 2509 226 2583 trahet
242 2533 368 2584 earum
385 2521 636 2610 aggregatum
653 2511 707 2584 ad
724 2523 980 2611 aggregatam
998 2513 1150 2587 totidem

112 2623 280 2696 munima
292 2623 495 2721 equalium.
527 2624 726 2699 Concludit
738 2637 860 2698 autem
878 2627 1057 2700 rationem
1071 2651 1149 2701 esse

111 2746 157 2807 nt
178 2744 192 2807 1
214 2734 262 2808 ad
281 2744 322 2808 2:
350 2735 449 2831 quod
467 2759 592 2809 verum
610 2747 678 2827 est,
695 2761 765 2810 neo
782 2749 892 2832 negat
911 2739 1129 2812 Hobbesius.

165 2846 276 2922 Quod
300 2860 424 2921 autem
449 2850 496 2922 ab
527 2849 739 2922 inductione
763 2864 894 2948 arguat
918 2876 1000 2924 cum
1026 2863 1150 2948 posset

111 2983 180 3056 per
197 2959 459 3055 syllogismum,
478 2960 517 3033 id
543 2961 788 3058 reprehendit.
842 2963 1030 3036 Ponuntur
1052 2963 1149 3035 enim

112 3072 241 3147 ordine
258 3073 454 3163 numerio,
480 3081 509 3162 Ι,
527 3083 563 3163 2,
582 3082 616 3164 3,
635 3084 674 3148 4:
702 3086 740 3147 et
764 3099 874 3172 supra
890 3075 972 3148 illos
993 3076 1150 3149 eundem

112 3185 292 3275 ordinem,
322 3184 426 3260 sed
416 3210 600 3260 mversum
630 3188 700 3261 hoc
726 3187 909 3277 modo,⁴‚
871 3225 888 3238 -
929 3228 963 3278 ·,
978 3229 1009 3240 —
990 3185 1123 3280 ‘⁴²¹5’
1105 3187 1148 3262 -⁰-.

112 3298 351 3371 Manifestum
384 3311 441 3372 est
468 3311 706 3397 aggregatum
734 3325 782 3373 ex
811 3301 987 3373 ambobus
1010 3302 1149 3397 aequale

111 3434 192 3485 esse
210 3411 365 3485 totidem
383 3412 562 3502 maximin
583 3424 620 3486 et
643 3426 836 3510 propterea
853 3414 1025 3487 utriusvis
1043 3415 1148 3488 seriei

111 3523 265 3621 duplum
293 3547 384 3597 esse.
437 3524 531 3599 Quae
560 3526 727 3621 probatio
753 3525 928 3622 legitima,
954 3528 1085 3615 brevis,
1110 3538 1149 3600 et

111 3636 307 3734 perspicua
332 3645 400 3709 est.
452 3636 593 3709 Vitium
623 3661 709 3732 ergo
737 3651 816 3711 erat
846 3638 1055 3711 inductione
1082 3641 1148 3727 uti,

112 3774 208 3847 quae‚
224 3749 284 3821 ubi
303 3747 538 3845 particularia
553 3750 675 3821 omnia
688 3751 851 3844 percurri
864 3762 1062 3848 nequeunt,
1082 3776 1149 3826 nec

112 3862 278 3960 legitima
295 3874 436 3935 estnec
454 3861 575 3934 brevis
592 3885 670 3934 esse
689 3875 821 3957 potest.

162 3974 414 4072 Reprehendit
426 3986 603 4070 praeterea
616 3975 713 4069 quod
726 3977 834 4071 paulo
848 3989 932 4072 post
950 3977 1149 4074 subjungit,

112 4113 256 4185 nempe,
275 4086 430 4161 eandem
447 4088 525 4159 fore
539 4087 716 4159 rationem
735 4097 748 4160 l
765 4088 812 4160 ad
826 4099 861 4177 2,
881 4088 1022 4162 etiamsi
1040 4092 1150 4164 series

112 4202 177 4274 illu
203 4202 451 4298 quantitatum
476 4201 586 4274 fuerit
611 4201 765 4274 infinita.
818 4202 951 4291 Prim0,
973 4205 1059 4301 quia
1084 4205 1151 4277 et'si

116 4316 319 4412 propositio
345 4314 467 4410 aliqua
490 4314 744 4389 universaliter
768 4339 855 4389 vera
880 4316 940 4405 sit,
957 4317 996 4390 id
1021 4330 1087 4408 est,
1106 4318 1152 4391 de

982 4451 1039 4502 112
