2932 5054
372 438 913 494 nosnrunronomarnroom.
1114 424 1167 492 45.

118 626 267 702 semper
294 602 502 681 divisibilia.
555 607 665 681 Sinus
695 631 796 706 ergo,
824 609 956 707 quibus
986 608 1165 683 universis
1188 628 1379 732 'Qu

118 717 295 815 impletur
327 743 416 793 area
450 720 675 817 quadrantis,
700 721 888 796 habebunt
916 723 1051 820 singuli
1081 745 1165 796 suas
1178 756 1331 814 mquam,
1378 769 1405 812 ῃ

117 830 345 918 latitudines,
370 845 551 932 eruntque
572 858 717 932 semper
738 860 893 910 numero
909 836 1017 910 finiti.
1070 836 1165 909 Sunt
1176 823 1374 947 mmm

117 955 244 1019 autem
273 946 314 1020 hi
342 946 445 1020 sinus
472 947 567 1021 versi
597 948 695 1022 inter
725 972 764 1022 se
793 949 970 1046 parelleli,
1006 972 1164 1045 quorum

117 1058 300 1133 maximus
318 1059 384 1133 DC
404 1071 460 1133 est
480 1061 609 1135 circuli
632 1061 757 1135 radius
783 1062 888 1158 eujus
913 1062 1092 1136 terminus
1117 1062 1166 1136 ad

117 1171 149 1245 C
165 1184 223 1245 est
239 1196 347 1246 arans
364 1173 540 1248 minutus.
576 1174 643 1247 Est
660 1188 784 1248 autem
803 1176 868 1249 DC
885 1176 982 1249 latus
996 1175 1166 1275 quadrati

116 1284 263 1374 ABCD,
282 1298 321 1359 et
336 1296 532 1383 propterea
552 1285 653 1379 (cum
671 1286 807 1361 habeat
822 1287 1074 1382 latitudinem)
1095 1288 1166 1360 erit

117 1397 387 1492 rectangulum‚
409 1409 448 1472 et
471 1398 628 1495 proinde
654 1400 772 1493 majus
798 1423 908 1496 quam
934 1400 1059 1473 radius
1085 1398 1165 1473 DC.

117 1509 207 1582 Pars
234 1533 323 1607 ergo
348 1513 428 1608 ejus
454 1523 557 1585 extat
582 1522 688 1585 extra
710 1512 901 1587 circulum.
952 1511 1090 1585 Eadem
1108 1525 1166 1587 est

115 1621 213 1696 ratio
243 1633 460 1696 oaeterorum
490 1623 636 1696 sinuum
667 1646 873 1697 versorum:
910 1635 949 1697 et
982 1624 1165 1721 siquidem

116 1734 319 1809 secundum
344 1735 577 1810 latitudinem
599 1736 707 1810 divisi
731 1737 870 1811 fuerint
889 1738 1032 1834 quoties
1050 1737 1166 1811 dividi

115 1860 283 1944 possunt,
326 1872 516 1945 nunquam
556 1848 605 1923 ad
650 1849 871 1924 indivisibile
915 1851 1165 1948 pervenietur.

116 1958 239 2057 Majus
255 1983 346 2056 ergo
365 1973 422 2035 est
446 1973 688 2059 aggregatum
705 1963 868 2059 partium
889 1964 1050 2037 ambitus
1068 1976 1166 2037 rect-

115 2073 337 2171 angulorum
370 2075 578 2149 extantium
616 2087 723 2150 extra
760 2076 1016 2174 quadrantem,
1052 2100 1165 2174 quam

115 2200 360 2285 aggregatum
382 2189 545 2286 partium
567 2189 682 2285 ipsius
700 2190 776 2264 Ac.
829 2190 955 2266 Minus
979 2215 1068 2287 ergo
1095 2191 1163 2264 ali·

115 2312 256 2397 quanto
273 2314 331 2375 est
346 2325 454 2376 arcus
472 2303 552 2392 AC,
566 2327 677 2400 quam
695 2315 856 2400 quatuor
868 2305 1008 2402 quintae
1025 2303 1163 2377 diame-

114 2413 182 2488 tri:
208 2425 248 2489 et
273 2437 382 2489 arcus
407 2413 483 2505 GL,
505 2415 582 2490 sive
608 2416 669 2506 Ze,
694 2417 815 2492 minor
841 2429 1000 2514 quatuor
1026 2418 1164 2516 quintis

114 2525 243 2602 lateris
261 2525 342 2603 DC.

503 3006 641 3080 PROP.
669 3004 777 3081 XIX.

114 3202 246 3255 INTER
271 3199 438 3255 ΒΕΟΤΛΜ
458 3202 601 3254 ΠΑΤΑΜ
628 3203 680 3255 ΕΤ
698 3203 836 3257 IPSIUS
860 3202 1067 3255 DIMIDIAM
1096 3203 1161 3256 IN·

199 3315 359 3368 vnNmu
378 3315 488 3368 Duas
507 3316 665 3368 MEDIAS
686 3315 1072 3369 PROPORTIONALES.

114 3431 186 3506 Srr
212 3429 301 3505 data
330 3427 411 3519 AB,
440 3443 478 3504 et
504 3430 656 3504 dimidia
681 3433 761 3528 ejus
788 3430 865 3521 BC,
896 3431 1082 3528 dispositae
1111 3432 1161 3507 ad

112 3544 271 3642 angulos
301 3552 434 3632 rectos,
461 3544 712 3640 jungaturque
743 3543 825 3616 AC:
857 3558 896 3618 et
925 3556 1069 3617 secetur
1094 3544 1158 3620 ΑΟ

113 3656 284 3734 bifariam
309 3657 348 3729 in
375 3655 422 3729 D.
476 3654 612 3730 Centro
632 3657 680 3746 D,
698 3657 802 3730 radio
830 3655 914 3746 DA,
933 3657 1162 3730 describatur

113 3769 378 3858 semicirculus,
395 3781 434 3843 et
450 3768 636 3843 dividatur
651 3771 822 3845 bifariam
835 3770 874 3842 in
888 3770 930 3844 Ε.
965 3769 1162 3844 Ducantur

113 3885 190 3975 ΑΕ,
205 3883 294 3959 OE:
320 3895 359 3956 et
384 3882 424 3955 in
449 3882 631 3979 producta
649 3883 712 3957 CB
736 3895 897 3980 ponatur
925 3883 985 3956 BF
1008 3884 1160 3980 aequalis

114 3995 187 4073 cll.
239 3997 284 4070 ln
301 3993 485 4092 producto
497 3995 564 4068 AB
581 4007 773 4069 sumantur
790 3995 874 4069 duae
892 3996 1031 4091 quintae
1049 4007 1161 4071 reotae

113 4111 189 4200 AB,
204 4134 289 4207 quae
308 4109 357 4182 sit
374 4107 421 4181 Bi
436 4135 446 4181 ι
463 4120 501 4181 et
513 4108 611 4181 inter
621 4109 687 4183 AB
702 4121 739 4182 et
755 4108 802 4180 Bi
815 4109 1024 4181 inveniatur
1037 4110 1160 4184 media

111 4221 401 4322 proportionalis
437 4220 502 4311 Bk,
538 4221 598 4295 cui
632 4221 672 4295 in
692 4221 759 4295 AB
785 4219 968 4317 producta
999 4236 1160 4318 ponatur

111 4337 262 4436 aequalis
290 4333 371 4423 BG,
394 4358 487 4429 quae,
511 4358 578 4432 per
601 4356 711 4431 supra
728 4332 992 4424 demonstrata,
1010 4334 1159 4430 aequalis
