2932 5054
441 419 682 472 nnacnanus
702 420 884 474 onulcus.
1112 409 1185 475 235

139 588 209 661 etsi
226 587 473 662 inclinationis
500 588 656 684 angulus
681 590 799 686 major
824 589 874 661 sit
891 588 1098 679 semitecto,
1116 590 1188 663 erit
1227 613 1312 654 raon.
1328 612 1371 653 11·

140 702 296 798 angulus
321 702 501 775 refractus
528 703 720 775 semitecto
745 701 877 775 minor.
946 702 1076 798 ltaque
1110 703 1187 775 sive
1230 681 1374 717 ψ

140 815 295 912 angulos
310 815 556 888 inclinationis
571 815 619 887 sit
636 817 765 910 major,
779 814 835 886 vel
852 815 984 902 minor,
997 815 1056 888 vel
1069 840 1187 912 aequa·

140 928 184 1001 lis
208 929 414 1016 semitecto,
442 928 512 1001 hoo
537 943 595 1000 est
618 928 775 1000 inomni
805 927 1043 1000 inclinatione
1068 929 1107 1000 in
1130 952 1188 1001 ra·

139 1041 239 1113 tione
263 1040 468 1114 mediorum
494 1042 695 1136 supposita,
724 1042 880 1136 angulus
909 1041 1088 1115 refractus
1118 1042 1190 1116 erit

140 1158 334 1231 semitecto
353 1158 485 1231 minor.
539 1158 649 1233 Quod
668 1171 749 1231 erat
765 1157 1008 1254 probandum.

504 1445 753 1498 PROPOSITIO
777 1445 819 1496 X.

142 1560 316 1659 Angulua
344 1558 588 1654 refractionis
616 1563 680 1661 qui
696 1564 753 1658 fit
770 1588 796 1636 o
815 1559 923 1634 radio
951 1560 1119 1634 intrante
1149 1563 1188 1636 in

189 1672 517 1746 meditamentum
544 1698 671 1747 veram
689 1673 1012 1774 perpendiculum,
1031 1675 1188 1773 <aqualia

189 1798 246 1860 eat
262 1785 400 1885 angulo
418 1786 660 1882 aestuationis
672 1815 773 1886 quem
785 1788 880 1860 idem
891 1788 1023 1861 radius
1040 1789 1187 1886 affrac-

191 1910 249 1972 tua
259 1899 370 1997 facit
388 1900 515 1973 exiens
533 1901 570 1973 ia
589 1902 687 1974 idem
704 1900 858 1974 medium
877 1923 1017 1991 rarum,
1035 1901 1073 1974 in
1092 1925 1188 1998 par-

191 2021 249 2084 tea
263 2038 287 2085 a
300 2013 572 2111 perpendiculo
590 2037 756 2086 aversas.

191 2150 249 2222 sit
271 2150 431 2223 medium
456 2174 581 2223 rarum
603 2152 703 2246 quod
725 2162 782 2224 est
809 2173 921 2245 supra
947 2162 1084 2224 rectam
1113 2152 1187 2243 CB,

142 2262 242 2358 quod
260 2262 367 2350 infra,
386 2263 550 2336 densum.
606 2263 662 2337 Sit
684 2278 808 2337 autem
836 2262 933 2336 linea
959 2263 1051 2338 lucis
1069 2266 1147 2357 ΑΒ,
1164 2291 1189 2340 a

142 2400 214 2471 qua
245 2376 321 2448 exit
356 2376 479 2449 radius
509 2378 613 2473 cujus
831 2437 860 2485 ,-

140 2493 333 2566 laterano
350 2494 475 2566 etun.
505 2495 613 2566 com·
856 2528 860 2620 ᾗ
915 2463 1049 2615 2²7

141 2611 612 2706 pletoreotanguloABCD‚
835 2614 942 2722 ,ψ
1142 2608 1172 2713 Ῑν

141 2728 171 2799 si
212 2728 374 2800 medium
409 2752 483 2800 non
519 2740 614 2800 esset
807 2726 1128 2834 &fs

142 2858 335 2932 mutatum,
357 2859 454 2917 esset
480 2843 545 2916 CD
571 2843 615 2914 li·
752 2928 759 2941 ,.
791 2833 807 2864 ’κ

142 2982 210 3030 nea
244 2957 336 3029 lucis
364 2967 614 3055 propagato:
670 3021 708 3050 ,

142 3071 205 3143 sed
237 3071 322 3165 quia
351 3071 513 3143 medium
548 3070 615 3141 sub
638 3100 668 3130 1

142 3184 203 3255 CB
238 3183 386 3255 densius
421 3194 478 3255 est
506 3207 617 3277 quam

141 3320 262 3392 snpra,
291 3298 362 3369 erit
389 3297 495 3369 lineae
527 3296 618 3368 lucis
664 3282 678 3312 ⁰

142 3409 320 3481 terminus
356 3409 398 3496 B,
425 3408 545 3480 minus
580 3408 618 3479 in

141 3523 258 3618 ipsum
288 3523 481 3594 immersus
508 3544 618 3616 quam

140 3650 319 3732 puuctum
338 3634 382 3706 D.
435 3634 492 3707 sit
516 3658 605 3728 ergo
630 3635 726 3706 linea
750 3633 843 3705 lucis
868 3640 1094 3730 propagata
1112 3631 1185 3719 ΟΕ,

141 3751 194 3821 ita
210 3763 252 3820 ut
270 3748 330 3819 CE
349 3747 499 3842 aequalis
517 3748 564 3819 sit
582 3747 650 3842 ipsi
670 3748 735 3820 AB
753 3745 810 3818 vel
826 3745 904 3817 CD.
949 3745 1078 3817 Ductis
1097 3767 1186 3838 ergo

141 3859 503 3957 perpendicularibus
532 3860 579 3932 ad
611 3861 671 3932 ΟΕ
701 3860 812 3932 rectis
836 3859 910 3946 CG,
923 3858 1005 3946 ΕΗ,
1029 3857 1099 3930 erit
1125 3857 1188 3931 CG

141 3977 237 4048 linea
255 3974 424 4061 refracta,
443 3987 480 4046 et
508 3974 590 4047 ICG
617 3973 772 4070 angulus
801 3972 1033 4045 refractionis
1061 3994 1187 4044 versus

141 4087 443 4184 perpendiculum
471 4086 548 4159 CK.
601 4087 752 4174 Rursus,
770 4085 817 4159 sit
845 4084 1003 4158 medium
1032 4085 1187 4157 densum

141 4202 241 4296 quod
263 4214 318 4273 est
345 4201 441 4272 infra
466 4201 543 4288 LD,
568 4224 691 4273 rarum
709 4198 808 4294 quod
834 4223 956 4293 supra,
976 4211 1011 4272 et
1039 4199 1087 4270 sit
1114 4198 1184 4271 GH

140 4315 238 4388 linea
254 4314 346 4387 lueis
364 4314 604 4411 propaganda
622 4339 643 4389 a
661 4314 777 4387 denso
795 4313 834 4385 in
853 4337 989 4386 rarum.
1026 4311 1185 4387 Quando
