2932 5054
437 426 522 487 tux
540 426 859 480 mirandumne.
1102 411 1169 479 133

122 615 149 668 a
164 603 302 688 puncto
320 592 491 668 Cversus
505 594 536 667 B
550 593 832 691 rectaquaedam
848 592 1000 692 aequalis
1018 593 1093 684 ΒΕ,
1106 593 1169 670 illa
1182 618 1381 662 cosumma-

124 705 196 777 erit
215 705 284 778 Ca:
311 716 350 782 et
367 707 509 804 reliqua
525 708 590 796 cB,
609 708 760 804 aequalis
778 709 853 783 ΟΕ.
1210 699 1353 805 Q

120 887 122 892 .
173 818 229 892 Ex
246 817 317 892 hae
341 818 654 896 demonstratione
679 822 914 896 manifestum
941 832 1008 911 est,
1028 831 1167 895 rectam

119 954 205 1028 quae
227 931 380 1027 aequelis
406 933 454 1007 sit
477 933 629 1010 dimidio
652 935 754 1009 arcui
775 934 1001 1032 quadrantis,
1025 957 1104 1008 esse
1122 958 1168 1007 ex

117 1043 266 1118 duabus
279 1045 410 1120 mediis
421 1046 519 1121 inter
529 1048 673 1122 radium
685 1060 722 1122 et
732 1049 967 1123 semiradium
978 1051 1167 1145 majorem.

119 1157 323 1232 Ostensum
353 1159 452 1234 enim
479 1174 536 1235 est
562 1161 612 1235 ad
651 1162 821 1238 controv.
839 1163 890 1250 ix,
922 1162 1168 1236 differentiam

115 1270 219 1345 inter
244 1270 390 1346 radium
416 1284 456 1347 et
477 1273 815 1371 semidiagonalem,
840 1298 924 1370 quae
947 1274 1168 1372 semidiago-

116 1382 216 1461 malis
233 1385 356 1459 media
372 1395 430 1460 est
446 1386 542 1460 inter
558 1387 703 1462 radium
721 1401 760 1462 et
783 1386 1030 1472 semiradium,
1048 1412 1168 1486 aequa·

116 1497 195 1572 iem
207 1521 289 1572 esse
301 1498 463 1574 dimidiae
476 1501 645 1596 tangenti
660 1509 708 1575 30
722 1500 915 1598 graduum.
943 1500 1036 1574 Cum
1053 1501 1168 1598 igitur

115 1635 230 1688 aruns
268 1611 483 1710 quadrantis
522 1628 690 1688 ostensus
731 1615 780 1688 sit
810 1614 958 1712 aequalis
991 1613 1095 1688 radio
1130 1626 1168 1691 et

114 1726 290 1821 tangenti
310 1734 359 1800 30
375 1725 556 1822 graduum
583 1728 691 1800 simul
716 1728 885 1824 sumptis,
903 1727 1064 1801 semissis
1088 1729 1167 1825 ejus

120 1838 273 1936 aequalis
295 1839 366 1912 erit
386 1838 580 1912 semiradio
603 1852 641 1913 et
662 1840 880 1914 differentiae
901 1840 998 1914 inter
1023 1840 1167 1916 radium

113 1951 495 2049 etsemidiagonalem
514 1981 523 2026 ε
540 1963 577 2027 et
589 1977 656 2051 per
670 1976 910 2051 consequens,
922 1952 1167 2028 differentiam

113 2066 221 2142 inter
232 2066 378 2144 radium
390 2079 429 2141 et
445 2067 633 2143 semissem
645 2091 752 2141 arens
763 2067 980 2164 quadrantis
989 2068 1167 2164 aequalem

118 2178 425 2254 essedifferentiae
435 2179 860 2277 intersemidiagonaiem
868 2193 907 2256 et
917 2179 1165 2256 semiradium.

172 2291 377 2366 Ostendam
391 2293 566 2381 secundo,
577 2317 621 2366 ex
635 2295 910 2368 constructione
922 2294 967 2366 H
966 2292 1167 2368 obberianu

118 2404 170 2478 ad
195 2428 276 2501 cap.
294 2405 371 2478 xxii
396 2405 494 2478 libri·
507 2404 568 2478 De
596 2405 802 2504 Principiis
831 2405 1063 2493 Geometriae,
1090 2430 1166 2480 non

113 2517 233 2599 modo
267 2541 395 2592 areum
427 2516 642 2613 quadrantis
675 2519 855 2615 aequalem
882 2542 961 2592 esse
994 2518 1097 2593 radio
1128 2533 1166 2592 et

113 2632 290 2728 tangenti
308 2640 356 2706 30
369 2631 552 2726 graduum
570 2630 679 2704 simul
696 2632 862 2728 sumptis,
876 2630 1068 2704 sedetiam
1086 2656 1165 2706 see-

117 2747 260 2819 tionem
284 2743 410 2840 anguli
432 2743 509 2819 dati
532 2744 571 2817 in
595 2744 739 2818 ratione
763 2743 873 2818 data:
899 2755 939 2819 et
957 2746 1060 2818 arcui
1078 2745 1164 2819 dato

113 2859 299 2956 aequalem
321 2858 494 2931 exhibere
519 2870 676 2931 rectam:
703 2869 740 2932 et
766 2871 907 2947 contra,
934 2856 1031 2933 datae
1053 2870 1165 2932 rectae

112 2974 301 3070 aequalem
317 2997 466 3048 areum:
492 2984 530 3046 et
546 2971 771 3070 polygonum
787 2986 1002 3046 construere
1019 2969 1166 3066 aequila-

116 3101 242 3163 terum
259 3086 516 3185 quodcunque.

112 3234 115 3239 ·
170 3201 469 3276 Consrnucmo
488 3199 672 3272 Fruunm.
702 3197 836 3270 ABCD
848 3198 923 3293 (fig.
938 3197 991 3290 ix)
1009 3208 1065 3270 est
1078 3219 1165 3292 qua-

110 3315 280 3399 ·dratum,
291 3312 447 3386 divisum
460 3312 507 3384 ab
521 3311 583 3384 EF
594 3310 769 3407 parallela
781 3310 888 3382 lateri
900 3309 966 3382 AB
977 3310 1163 3382 bifariam:

113 3441 160 3505 et
186 3427 253 3501 BD
269 3449 376 3500 arcus
399 3425 628 3521 quadrantis,
655 3447 783 3503 secans
811 3422 869 3496 EF
887 3424 924 3496 in
943 3425 985 3498 G.
1040 3423 1164 3497 Quare

112 3540 184 3628 IG,
200 3540 300 3613 sinus
317 3562 423 3612 arcus
437 3538 515 3626 BD,
531 3549 587 3611 est
604 3537 815 3610 semitatus:
834 3549 871 3610 et
889 3537 941 3610 IA
952 3547 1077 3632 potest
1094 3535 1166 3608 tria

111 3652 345 3727 semilatera:
372 3663 412 3725 et
428 3650 499 3723 AN
517 3660 575 3722 est
592 3650 703 3745 dupla
720 3651 772 3723 AI
791 3650 850 3724 vel
863 3650 945 3724 ΟΝ.

111 3797 118 3808 ’
171 3766 278 3855 Item,
297 3764 365 3839 AD
389 3773 445 3841 est
467 3761 580 3858 dupla
597 3762 678 3851 AD,
696 3773 735 3835 et
751 3762 828 3834 AM
857 3762 968 3858 tripla
986 3759 1162 3857 ejusdem.

111 3878 248 3955 Quare
266 3876 337 3951 ND
355 3873 539 3972 producta
555 3873 603 3947 ad
629 3874 726 3947 latus
744 3873 808 3946 BC
824 3874 1047 3969 productum
1064 3871 1103 3944 in
1121 3870 1163 3958 L,

111 3993 190 4067 erit
208 3992 271 4066 01,
293 4002 448 4086 tangens
467 3996 515 4063 30
532 3987 731 4083 graduum:
758 4002 797 4062 et
814 3988 868 4060 IK
886 3986 1026 4082 aequale
1044 3983 1162 4072 lateri,

117 4118 158 4180 et
175 4104 254 4180 KM
272 4101 412 4201 aequale
430 4100 642 4175 semilateri.
677 4102 807 4195 Itaque
821 4100 888 4172 DL
900 4112 958 4172 est
975 4121 1103 4171 secans
1114 4105 1163 4171 30

109 4219 319 4319 graduum:
348 4215 409 4292 eui
426 4214 576 4312 aequalis
594 4238 661 4312 per
678 4214 709 4287 G
731 4211 879 4286 ducitur
895 4211 982 4286 AH.
1034 4211 1164 4307 Itaque
