2932 5054
577 438 805 490 PRAEFA'rlo.
1190 426 1261 501 347

115 610 206 677 Belle
231 620 340 677 noster
368 611 421 676 ille
454 610 602 678 Sedulius
626 612 810 699 Presbyter,
834 613 866 677 in
894 635 957 678 uno
980 614 1135 680 versiculo
1160 623 1265 681 totum

116 733 240 820 spirans
256 732 473 799 Athanasium
486 732 493 797 l

466 916 529 971 Una
539 935 649 972 maneus
660 918 762 973 deitatis
775 919 857 973 forma
870 919 991 990 perennis

256 1010 336 1074 Quod
348 1012 461 1083 simplex
473 1013 595 1084 triplicet,
607 1014 730 1086 quodque
741 1024 781 1069 est
792 1014 947 1085 triplicabile
960 1014 1073 1085 simplet.

258 1107 325 1160 Hac
337 1118 377 1161 est
387 1124 447 1161 vera
459 1107 542 1161 fidesl.

160 1293 231 1360 Nos
252 1294 395 1380 profecto
410 1294 506 1381 longe
521 1294 704 1380 sequimur3
728 1296 864 1362 cutheus
885 1297 939 1364 ille
961 1298 1089 1365 tandem
1104 1298 1265 1367 deferbuit

116 1415 229 1492 ard0r3
245 1415 302 1479 tali
314 1427 412 1481 oestro
423 1438 487 1481 non
502 1416 661 1503 rapimur3
677 1427 711 1483 et
724 1416 811 1482 nobis
825 1440 885 1482 eoa
899 1418 969 1483 licet
982 1440 1040 1483 esse
1053 1427 1118 1483 tom
1129 1418 1262 1485 disertis.

162 1535 282 1600 Maluit
296 1535 348 1601 hic
363 1546 471 1601 noster
485 1536 571 1602 inter
585 1534 704 1622 primos
719 1546 752 1602 et
766 1536 938 1622 piscatores
953 1536 1128 1623 Apostolos
1142 1538 1264 1625 simpli·

117 1654 246 1720 citatem
276 1656 396 1721 discere
427 1654 652 1735 Christianam,
683 1679 779 1740 quom
808 1655 893 1742 apud
916 1655 1069 1722 Nicoenos
1093 1667 1200 1744 patres
1229 1667 1264 1724 et

118 1774 284 1842 Graeeulos
299 1774 532 1863 theosophistas
547 1776 737 1843 cerebellum
753 1776 885 1863 perdere
899 1777 1069 1844 attonitus:
1093 1788 1264 1845 contentus

114 1896 243 1962 nomine
258 1896 446 1983 philosophi,
462 1895 542 1963 laico
556 1895 694 1984 ingenio,
707 1907 741 1963 et
755 1896 840 1963 ultra
853 1897 1006 1964 rationale
1021 1897 1136 1964 animal
1150 1921 1262 1985 parum

116 2014 277 2100 sapientis.
323 2014 386 2081 Sed
411 2015 528 2080 nollem
554 2025 598 2093 te,
624 2015 733 2093 lector,
759 2015 894 2082 ulterius
918 2015 1065 2082 detineri.
1118 2015 1203 2083 Vale
1228 2027 1263 2083 et

114 2134 232 2200 sruere.

290 2332 298 2361 ¹
319 2331 412 2401 [colii
426 2329 525 2385 Sedulii
539 2331 658 2384 Graues
675 2330 833 2399 Procerus,
845 2332 890 2386 lib.
903 2334 921 2387 i.
934 2350 991 2387 vers
1010 2332 1084 2402 281]
