2932 5054
518 439 1149 504 uu1sroom.283

109 621 383 714 propterquam
401 641 445 691 ea
462 643 544 715 quae
565 619 800 750 reprehendit
823 619 976 693 debeam
993 630 1149 694 mutare.
1179 631 1218 677 110
1217 630 1307 674 braim
1316 629 1345 672 1¹

111 729 367 804 Libentissime
385 732 483 805 cuim
500 745 691 822 mutarem,
710 734 742 806 si
764 733 1027 830 paralogismos
1049 755 1150 807 meos
1179 696 1332 800 Q

110 867 256 938 possem
291 844 474 940 detegere,
510 870 592 941 quae
626 847 747 941 minus
781 859 881 919 recte
916 846 1015 919 dicta
1048 857 1149 919 sunt:

111 956 246 1052 quippe
263 957 326 1052 qui
350 956 443 1030 nihil
459 958 584 1031 edidi
575 983 613 1032 m
630 934 817 1055 publicum
835 983 907 1056 quo
924 970 1063 1047 tenear,
1076 981 1152 1039 una

111 1093 195 1142 cum
216 1069 368 1159 honore,
387 1095 528 1144 errores
551 1096 653 1145 meos
678 1073 916 1168 pertinaciter
943 1071 1151 1144 defendere.

112 1182 162 1254 Ni
188 1194 312 1256 tamen
342 1184 438 1257 tanti
467 1185 536 1258 viri
566 1186 790 1258 authoritate
820 1184 1041 1259 existimatio
1071 1207 1153 1258 mea

112 1295 210 1390 apud
235 1308 273 1369 tc
300 1297 540 1393 opprimatur,
564 1301 685 1373 visum
709 1309 765 1372 est
789 1297 880 1372 mihi
904 1297 1153 1394 epistolahac

112 1409 380 1503 objectionibus
404 1412 494 1506 ejus,
512 1435 556 1484 eo
575 1411 704 1484 ordine
722 1435 795 1507 quo
812 1435 835 1484 a
850 1426 889 1484 te
906 1410 1032 1484 relatae
1053 1421 1152 1499 sunt,

111 1523 238 1616 paucis
254 1532 434 1618 quantum
451 1547 599 1620 possum
625 1534 663 1597 et
687 1547 761 1620 qua
781 1546 930 1621 possum
952 1522 1153 1621 perspicui·

113 1646 189 1707 tate
206 1634 438 1730 respondere.

163 1747 276 1835 Dicis,
290 1747 410 1843 primo
423 1747 517 1837 loco,
532 1747 723 1821 dominum
733 1747 927 1822 Descartes
945 1771 1020 1821 non
1038 1771 1153 1845 agno·

113 1883 215 1933 scere
232 1860 401 1956 spiritum
424 1860 527 1933 illum
548 1862 746 1949 internum,
767 1885 875 1958 quem
904 1885 973 1957 ego
994 1861 1045 1934 ibi
1068 1885 1153 1957 supa

112 1997 224 2069 pono,
243 1973 400 2046 eundem
417 1996 496 2047 esse
520 1997 605 2047 cum
623 1974 780 2049 materia
797 1974 924 2048 subtili
942 1998 1051 2070 quam
1068 1997 1154 2071 sup·
1273 2061 1275 2064 ,

113 2087 219 2183 ponit
236 2085 309 2158 ille.

166 2197 508 2293 Respondeo,ccrte
522 2221 590 2294 ego
605 2197 857 2296 perspiritum
873 2197 1078 2294 intelligere
1095 2220 1154 2272 mc

116 2311 192 2384 dixi
209 2334 342 2407 corpus
360 2311 493 2384 subtile
511 2324 549 2384 et
565 2311 736 2384 fluidum.
764 2310 851 2408 quid
870 2322 993 2385 autem
1010 2310 1155 2384 intersit

115 2424 213 2497 inter
229 2446 362 2519 corpus
376 2424 508 2496 subtile
523 2435 562 2497 et
578 2425 770 2553 materiam
788 2424 970 2514 subtilem,
986 2424 1155 2521 equidem

115 2561 191 2611 non
209 2536 385 2633 intelligo.

166 2649 342 2738 Adducis,
368 2651 538 2746 proximo
564 2650 658 2738 loco,
685 2673 812 2722 causas
839 2673 953 2745 quare
979 2649 1049 2722 hoc
1079 2673 1156 2723 non

117 2764 297 2859 agnoscit,
318 2787 408 2859 quas
429 2763 521 2837 dicis
545 2787 623 2836 esse
647 2763 754 2835 duas:
781 2763 949 2858 primam,
974 2762 1060 2856 quia
1087 2787 1155 2859 ego

117 2889 240 2949 statuo
266 2878 416 2972 spiritus
443 2878 607 2950 internos
635 2901 782 2949 causam
810 2900 889 2949 esse
915 2875 1073 2962 duritiei,
1094 2875 1156 2949 ille

117 2990 307 3062 materiam
323 2989 494 3063 subtilem
509 3013 656 3062 causam
670 3013 748 3062 esse
760 2989 931 3062 molitiei:
945 2987 1156 3074 secundam,

118 3104 204 3198 quia
229 3127 303 3176 ιιοιι
324 3103 424 3176 videt
444 3103 505 3175 ille
529 3126 602 3198 qua
622 3102 765 3176 ratione
785 3102 855 3174 iste
876 3100 1026 3196 spiritus
1050 3098 1157 3174 valde

117 3217 261 3290 mobilis
279 3216 493 3312 corporibus
511 3215 611 3287 duris
628 3215 680 3287 ita
703 3213 842 3287 includi
865 3213 980 3308 possit
1002 3223 1047 3285 ut
1063 3236 1158 3287 uun-

118 3353 229 3424 quam
252 3352 298 3401 ex
318 3329 362 3401 iis
380 3329 600 3424 egrediatur,
625 3351 693 3400 uec
720 3325 903 3423 quomodo
928 3324 1158 3422 ingrediatur

119 3440 267 3538 quaudo
284 3440 410 3513 mollia
427 3439 638 3513 durescunt.

170 3555 306 3629 Quaeso
324 3565 373 3643 te,
392 3553 707 3627 Reverendissime
727 3552 845 3641 Pater,
866 3552 950 3643 (tibi
971 3552 1070 3627 enim
1089 3551 1158 3625 soli

119 3691 219 3740 nunc
232 3665 440 3739 satisfacere
451 3667 609 3760 satago),
622 3663 787 3760 nunquid
798 3664 1009 3759 tibicapere
1022 3665 1158 3760 impos·

119 3779 224 3852 sibile
241 3792 296 3852 est
313 3779 480 3875 spiritum
497 3778 652 3851 fluidum
665 3792 704 3849 et
716 3777 887 3850 subtilem
901 3777 1014 3849 talem
1027 3789 1064 3849 et
1082 3791 1159 3851 tam

120 3892 282 3965 velocem
298 3904 441 3965 motum
458 3892 594 3964 habere
612 3914 730 3986 posse,
745 3902 785 3962 ut
801 3903 924 3985 partes
943 3891 1021 3984 ejus
1038 3891 1159 3963 minus

120 4004 254 4078 cedant
274 4006 389 4078 tactui
413 4017 450 4077 et
476 4004 649 4100 impulsui
669 4015 807 4088 nostro,
831 4026 941 4097 quam
965 4002 996 4075 si
1020 4002 1160 4076 eaedcm

120 4118 192 4190 alio
227 4130 328 4190 motu
357 4130 394 4190 et
423 4119 544 4191 minus
573 4116 691 4189 veloci
721 4115 1003 4189 concitarentur.
1059 4114 1159 4191 Quid

120 4243 245 4304 autem
272 4243 328 4303 est
355 4230 499 4319 durum,
524 4241 658 4325 praeter
684 4227 723 4300 id
748 4229 851 4322 cujus
876 4240 1012 4322 partes,
1038 4237 1160 4300 stante

121 4356 213 4434 toto,
238 4344 375 4416 minus:
403 4343 523 4433 molle,
544 4357 679 4440 praeter
702 4341 741 4415 id
764 4341 867 4436 cujus
894 4352 1019 4437 partes
1042 4340 1160 4437 magis
