2918 5054
346 437 546 492 aosnrnnr
565 436 891 492 anomnrnrcun.
1097 420 1140 486 15

141 603 386 699 Experiamur
402 604 559 678 eandem
576 628 703 679 rursus
727 606 943 680 methodum
960 605 1006 681 ab
1030 604 1142 677 hexa-
1178 624 1325 667 anor-111·

93 740 190 812 gono
210 716 260 789 ad
276 730 542 814 pentagonum.
1171 691 1332 812 affl

144 828 285 903 Centro
302 829 350 918 A,
374 832 647 905 semidiametro
666 830 748 922 AB,
767 832 996 906 describatur
1023 832 1142 904 circu·
1170 819 1314 880 mmm

93 942 151 1016 lus
169 942 292 1017 BCD:
319 944 415 1017 etin
434 945 731 1018 circumferentia
747 946 826 1042 ejus
844 957 1017 1041 apuncto
1035 942 1144 1040 Bap-

94 1056 256 1153 plicetur
289 1057 429 1131 chorda
462 1057 543 1144 BD,
575 1058 726 1154 aequalis
760 1058 1031 1132 semidiametro
1062 1055 1143 1131 AB.

97 1169 219 1242 Ducta
235 1193 324 1265 ergo
341 1171 480 1244 chorda
498 1169 566 1246 BD
584 1174 656 1246 erit
677 1172 775 1245 latus
792 1171 977 1268 hexagoni
1006 1172 1045 1244 in
1073 1170 1145 1244 cir·

97 1282 183 1356 culo
200 1306 268 1379 per
285 1280 328 1355 B.

147 1395 193 1467 ln
211 1393 483 1469 semidiametro
499 1394 567 1468 AB
586 1408 753 1470 sumatur
764 1399 841 1486 ΑΕ,
857 1421 939 1494 quae
954 1397 1002 1470 sit
1015 1397 1063 1470 ad
1076 1397 1144 1471 AB

97 1520 141 1581 ut
157 1516 180 1581 5
198 1506 247 1580 ad
260 1515 305 1580 6:
331 1519 369 1581 et
382 1519 512 1581 centro
531 1508 661 1582 eodem
679 1511 724 1601 Α,
742 1510 846 1583 radio
864 1510 942 1597 AE,
961 1509 1145 1584 describa-

97 1635 160 1696 tur
182 1621 342 1695 circulus
368 1622 474 1696 EFG.
524 1623 607 1696 Erit
624 1647 713 1720 ergo
740 1623 939 1721 perimeter
963 1647 1031 1720 per
1049 1623 1079 1696 B
1097 1622 1146 1697 ad

98 1735 340 1832 perimetrnm
356 1759 424 1831 per
440 1736 483 1824 E,
501 1749 543 1810 ut
560 1744 584 1809 6
602 1736 650 1810 ad
670 1747 704 1812 5.
749 1738 903 1811 Seeetur
921 1736 988 1810 BD
1005 1747 1147 1810 erecta

99 1848 166 1922 Ac
186 1848 353 1943 (secante
369 1849 550 1923 circulum
567 1873 634 1947 per
652 1851 682 1924 E
708 1851 747 1924 in
774 1850 818 1944 F)
838 1850 1009 1924 bifariam
1035 1849 1074 1922 in
1092 1848 1146 1933 Ο,

101 1961 358 2060 ducanturque
376 1963 524 2037 chordae
543 1964 617 2053 BC,
631 1964 721 2038 CD:
748 1965 882 2060 quihus
898 1962 1055 2061 aeqnales
1082 1987 1147 2059 ap-

100 2075 287 2170 plicentur
302 2075 342 2148 in
360 2075 498 2149 circulo
514 2100 582 2173 per
598 2077 629 2151 E
647 2077 796 2152 chordae
814 2078 897 2166 ΕΗ,
907 2078 977 2151 HI.
1126 2139 1129 2145 ,

152 2189 250 2262 Sunt
265 2211 354 2283 ergo
373 2187 456 2262 duae
473 2188 621 2263 chordae
646 2190 729 2278 ΕΗ,
742 2191 799 2263 HI
816 2189 866 2265 ad
883 2190 973 2263 duas
991 2187 1149 2263 chordas

100 2305 174 2391 EF,
188 2304 251 2378 FG
267 2314 309 2376 ut
325 2327 433 2378 arcus
450 2304 517 2377 BD
530 2305 579 2378 ad
595 2329 723 2379 arcum
735 2307 811 2395 EG,
824 2306 865 2381 id
877 2319 933 2381 est
947 2319 989 2380 ut
1005 2315 1029 2380 6
1043 2306 1092 2380 ad
1106 2315 1149 2380 5:

102 2431 141 2493 et
156 2440 269 2491 arcus
286 2418 335 2491 ΕΙ
353 2415 403 2491 ad
420 2441 547 2492 arcum
563 2419 632 2491 EG
646 2431 690 2492 ut
708 2428 731 2492 6
748 2421 797 2494 ad
815 2429 850 2495 5.
902 2422 969 2494 Est
986 2444 1075 2517 ergo
1093 2443 1150 2493 ar·

103 2556 169 2607 cns
187 2532 237 2605 Gl
255 2531 385 2629 quinta
401 2554 487 2626 pars
508 2555 615 2605 arcas
628 2532 704 2621 EG,
722 2532 762 2606 id
778 2545 835 2606 est
860 2533 1048 2630 trigesima
1064 2556 1150 2629 pars

102 2645 314 2744 perimetri:
341 2655 380 2718 et
396 2655 497 2718 totus
513 2668 621 2719 arcus
637 2646 688 2719 EI
704 2669 768 2719 sex
790 2647 990 2743 trigesimae
1012 2659 1150 2743 partes,

101 2760 141 2834 id
157 2772 215 2833 est
231 2781 317 2856 pars
334 2758 474 2854 quinta,
494 2759 607 2833 totius
624 2760 813 2855 perimetri
830 2784 896 2857 per
914 2762 958 2836 Ε.
1009 2761 1148 2835 Eadem

104 2885 161 2948 est
178 2870 446 2946 demonstratio
462 2894 546 2967 quae
575 2871 615 2944 in
638 2871 862 2970 heptagono.
914 2875 1037 2948 Ducta
1062 2897 1152 2969 ergo

105 2985 245 3060 chorda
260 2986 323 3073 EI,
341 2996 398 3058 est
415 2984 512 3057 latus
529 2987 731 3082 pentagoni
748 2988 788 3060 in
805 2987 944 3060 circulo
958 3011 1024 3083 per
1041 2988 1084 3059 Ε.

159 3099 300 3174 coron.
318 3100 343 3173 i.
370 3100 496 3174 Potest
520 3122 609 3196 ergo
640 3101 798 3173 inveniri
825 3100 922 3174 latus
951 3098 1152 3196 pentagoni

106 3216 185 3289 sine
215 3237 285 3311 ope
316 3213 490 3287 sectionis
517 3214 782 3288 semidiametri
810 3214 849 3287 in
880 3224 1085 3287 extremam
1114 3224 1153 3285 et

108 3327 268 3402 mediam
285 3326 482 3400 rationem.

157 3441 350 3515 Anrmsn.
380 3439 927 3537 Concinaaquidemhoecaant:
942 3439 1156 3513 sedoaveat

107 3555 225 3630 lector
238 3551 469 3626 concinnitas
485 3551 561 3625 ista
576 3577 623 3625 ae
624 3552 812 3649 fraudem
814 3556 946 3652 serat,
958 3552 1155 3649 adeatque,

107 3669 144 3741 si
166 3665 286 3765 sapit,
301 3689 455 3739 examen
467 3664 568 3739 illua
579 3665 928 3759 accuratissimam,
946 3686 1156 3740 antrann-

110 3801 242 3855 rlcsnr
263 3799 511 3852 spumosum.

163 3890 304 3965 Caroli.
321 3891 361 3964 ii.
388 3890 442 3964 Ut
458 3890 505 3964 ab
522 3891 704 3964 exteriore
722 3891 861 3965 circulo
878 3892 926 3965 ad
942 3891 1158 3965 interiorem

108 4006 288 4079 hactenus
299 4003 480 4101 processit
494 4003 775 4094 demonstratio,
786 4005 840 4078 ita
851 4005 1027 4102 procedet
1044 4005 1158 4078 etiam

108 4120 158 4193 ah
175 4118 483 4206 interimentes
501 4117 650 4214 trigono
668 4117 756 4191 dato
774 4118 984 4192 inveniatur
996 4128 1158 4213 tetrago-

108 4256 213 4321 num,
239 4242 494 4328 pentagonum
525 4254 570 4303 ex
605 4242 814 4328 tetragono,
845 4231 1078 4328 hexagonum
1111 4251 1159 4302 ex

108 4357 335 4444 pentagono,
353 4345 461 4420 etsie
478 4345 663 4442 deinceps.
708 4345 805 4420 Dato
823 4344 921 4419 enim
938 4345 1054 4420 latere
1071 4366 1159 4441 pen·
