2932 5054
443 438 637 493 censens
656 439 822 493 nnnvrs.
1107 421 1154 500 75

110 607 216 680 illum
237 605 398 680 voluisse
422 620 526 704 puto,
551 609 854 705 impedimentum
879 631 959 682 esse
982 607 1156 704 ponderis
1183 627 1351 733 ΡΨ·

110 723 226 818 ipsius
242 723 427 811 effectum,
445 721 483 796 id
508 735 575 811 est,
592 723 738 819 pondus
763 723 913 796 sibimet
937 722 1008 818 ipsi
1035 721 1157 794 facere

110 835 429 932 impedimentum.
484 836 597 912 Quod
613 848 670 911 est
686 836 896 909 absurdum.

163 947 258 1022 Quis
291 970 455 1044 unquam
489 960 678 1044 geometra
712 949 985 1023 conclusionem
1019 948 1157 1038 intulit,

111 1060 219 1155 cujus
247 1061 397 1133 termini
429 1061 520 1153 (sive
546 1063 751 1158 subjectum
780 1073 817 1136 et
846 1062 1097 1159 praedicatum,
1114 1074 1159 1136 ut

110 1171 316 1269 loquuntur
325 1173 453 1271 logici)
467 1199 543 1248 non
559 1176 698 1250 fuerint
715 1188 801 1250 ante
820 1176 973 1249 definiti.
1004 1176 1160 1250 Praeter-

111 1309 169 1374 ea,
199 1286 373 1382 quoniam
410 1297 488 1360 toto
519 1288 590 1361 hoc
625 1290 745 1386 capite
778 1289 942 1385 loquitur
976 1289 1022 1362 de
1056 1297 1160 1362 motu

111 1401 380 1492 universaliter,
407 1415 444 1476 et
467 1405 755 1500 propositionem
784 1404 1061 1500 intelligendam
1079 1427 1159 1478 esse

114 1515 207 1588 dicit
224 1515 270 1588 de
288 1516 475 1612 quibusvis
493 1517 574 1590 aliis
592 1518 729 1591 viribus
743 1516 960 1590 contrariis:
979 1539 1158 1613 suppona-

112 1652 197 1702 mus
212 1629 358 1725 pondns
380 1630 420 1702 in
443 1641 581 1704 terram
604 1630 651 1704 ab
681 1631 756 1704 alto
785 1629 1026 1702 descendere:
1052 1629 1160 1703 cadet

113 1754 239 1815 autem
255 1753 361 1815 motu
387 1743 561 1816 continue
583 1743 800 1831 accelerato,
824 1741 896 1814 nisi
922 1754 1021 1815 terra
1046 1741 1160 1838 impe-

114 1855 206 1944 diat,
223 1877 338 1951 usque
356 1855 404 1928 ad
430 1865 609 1929 centrum.
664 1856 801 1932 Quaero
823 1857 899 1951 jam
929 1878 977 1927 an
1004 1876 1050 1927 ex
1077 1855 1160 1938 hoc,

114 1966 216 2064 qnod
231 1969 268 2040 n·
277 1967 429 2066 pondus
447 1969 647 2068 Pimpedit
668 1979 710 2043 ut
725 1971 755 2058 Ι,
774 1977 860 2041 tunc
883 1968 937 2041 21>
959 1966 1163 2066 impedient

115 2091 158 2153 ut
176 2080 233 2171 21,
249 2080 406 2155 inveniri
422 2081 540 2179 possit
568 2084 760 2180 proportio
777 2080 950 2179 ponderis
968 2083 1163 2177 cujuscun-

115 2216 190 2290 que
219 2195 317 2284 (cum
344 2195 392 2267 sit
421 2195 566 2291 pondus
593 2195 744 2293 aliquid)
769 2195 817 2269 ad
846 2194 1162 2290 impedimentum,

115 2304 217 2403 quod
232 2318 356 2380 motus
372 2331 448 2381 non
465 2320 532 2383 est.
586 2309 724 2383 Omnes
751 2330 840 2404 ergo
870 2308 1049 2381 hactenus
1077 2331 1163 2403 pro-

115 2419 321 2515 positiones
340 2423 418 2517 ejus
443 2422 503 2494 vel
523 2423 636 2510 fabae,
653 2423 712 2496 vel
729 2422 871 2510 alienae,
889 2421 946 2494 vel
964 2422 1088 2496 abillo
1107 2421 1162 2495 in-

117 2531 380 2606 demonstrata
398 2545 494 2606 sunt.

255 2832 586 2886 PROPOSITIONES
615 2834 705 2902 XIV,
721 2834 794 2900 XV,
813 2835 1028 2899 xvl,xv11.

174 2974 264 3060 Qnoe
280 2998 328 3047 eu
348 2973 580 3073 longitudine
604 2973 851 3072 truncigendu
879 2974 1066 3048 resultant
1092 2999 1165 3048 mo-

119 3097 181 3160 tus
212 3087 483 3186 impedimenta,
510 3096 596 3161 aunt
625 3087 919 3186 longitudinibus
947 3088 1167 3186 proportio-

118 3200 237 3275 nulia.

174 3314 348 3412 Quodque
383 3313 431 3387 de
466 3312 759 3413 longitudinibus
794 3315 944 3403 dicitnr,
978 3314 1025 3387 de
1056 3313 1169 3387 medii

120 3429 322 3514 densitate,
357 3427 573 3512 tenacitate,
608 3436 674 3499 unt
703 3427 819 3501 simin
854 3428 982 3525 quonia
1017 3426 1168 3524 impedi·

120 3551 253 3629 mento,
270 3539 425 3638 pariter
441 3538 634 3612 dicendum
651 3539 736 3612 erit.
788 3539 844 3613 Et
861 3539 1038 3613 similiter
1056 3540 1094 3613 in
1110 3564 1169 3612 se-

123 3652 325 3753 queuntibus.

173 3767 279 3840 Falsa
295 3778 371 3839 est:
390 3790 476 3839 nam
489 3775 531 3839 ut
543 3764 736 3862 longitudo
754 3765 931 3862 impediat
946 3779 1100 3857 motum,
1114 3766 1170 3839 in-

123 3880 320 3977 cogitabile
337 3891 404 3952 est.
456 3879 601 3952 Motum
619 3879 717 3952 enim
736 3880 828 3954 nihil
853 3880 1018 3977 impedit,
1035 3893 1171 3977 praeter

123 4006 269 4067 motum
287 3992 347 4064 vel
364 4003 538 4066 conatum
556 3991 793 4066 contrarium.
845 3995 953 4068 Anne
970 3995 1092 4068 minus
1109 4019 1171 4069 ve-

123 4107 254 4181 lociter
268 4105 338 4178 ibit
351 4129 479 4178 cursor
502 4105 550 4179 ad
570 4105 729 4201 primum
753 4107 800 4178 ab
818 4107 910 4180 urbe
935 4107 1107 4204 lapidem,
1126 4132 1171 4183 eo

124 4222 224 4319 quod
242 4219 390 4316 longius
413 4220 459 4292 ab
485 4221 576 4292 urbe
604 4219 717 4293 distat
742 4220 835 4316 lapis
863 4221 1045 4294 secundus
1062 4246 1172 4319 quam

124 4332 295 4428 primus?
341 4331 442 4407 Quid
460 4333 530 4406 sibi
547 4332 608 4405 hic
626 4333 705 4407 vult
722 4357 797 4406 non
816 4333 1087 4426 intellexissem,
1102 4335 1173 4409 nisi
