2932 5054
450 398 813 453 conmaculans
845 402 978 454 escen
1160 385 1233 463 ³37.

99 560 165 619 400
190 557 340 625 AEstibus
355 556 405 623 his
419 559 538 625 nullam
554 560 693 648 praefigit
707 560 895 648 Ephemeris
909 563 1027 629 horam.

191 657 278 743 Ergo
293 657 369 742 quid
385 658 418 722 in
433 681 526 724 causa
541 660 612 724 est?
656 660 772 727 Paucis
787 661 832 726 sic
846 662 961 749 accipe
1007 662 1122 728 Prodit

191 757 274 840 Quae
289 756 404 823 tellure
419 780 497 824 cava
511 758 658 843 fontique
674 759 816 826 illabitur
833 763 919 827 unda

190 857 338 934 Aduena,
355 880 419 922 non
434 858 518 923 istuc
532 859 659 944 proprio
675 859 780 925 delata
794 861 896 926 canali

189 955 351 1032 Pervenit,
368 967 465 1040 atque
480 957 592 1022 volens
605 958 724 1023 alienos
739 970 873 1044 occupat
887 971 993 1025 ortus:

192 1053 254 1121 Sed
269 1055 345 1120 dum
361 1055 511 1122 ductricis
526 1057 672 1141 sequitur
687 1058 822 1144 vestigia
835 1058 984 1145 lymphae,

191 1153 462 1240 Longinquosque
478 1157 560 1241 petit
574 1180 631 1242 per
646 1170 739 1222 terrae
755 1157 875 1222 viscera
890 1158 1004 1235 fontes,

189 1252 296 1318 Intrat
310 1253 344 1317 in
359 1254 504 1340 angustis
518 1255 683 1320 subeunda
697 1256 853 1321 meatibus
868 1270 967 1322 antra.

190 1351 266 1417 Huc
282 1353 407 1436 quoties
422 1353 536 1418 humor
550 1353 725 1419 tumefacta
739 1354 851 1419 defluit
864 1355 959 1432 unda,

189 1448 416 1537 Praecipitique
431 1452 553 1517 aditum
569 1452 766 1538 comprendit
780 1452 911 1519 flumine
924 1464 1040 1532 totum,

93 1557 108 1615 4
123 1555 164 1616 10
189 1550 342 1616 Protinus
356 1576 435 1617 aura
447 1552 553 1618 locum
569 1552 717 1618 conclusa
731 1564 850 1630 tuetur,
862 1553 1018 1638 aquisque

189 1649 349 1737 Peruegat
365 1651 552 1738 ingressum,
569 1675 627 1717 nec
642 1653 761 1718 habens
777 1676 841 1737 quo
856 1654 976 1731 cedere,
992 1663 1131 1741 pugnat:

190 1750 302 1834 thue
318 1762 368 1816 est
382 1752 536 1837 deprensa
551 1752 630 1816 nihil
645 1752 842 1817 obfirmatius
856 1776 942 1831 aura,

190 1848 337 1915 Sustinet
351 1860 501 1936 urgentes
516 1850 593 1915 exili
608 1874 737 1936 corpore
752 1851 910 1938 lymphas,

189 1948 286 2025 Tum,
301 1949 444 2015 conserta
459 1949 548 2015 velut
562 1950 589 2014 si
603 1950 703 2036 portis
718 1950 819 2015 irruat
833 1951 929 2016 arctis

189 2047 310 2125 Turba,
325 2048 458 2126 hoerent,
474 2050 543 2136 ipso
558 2049 654 2115 defixi
670 2050 703 2113 in
718 2049 836 2127 limine,
852 2050 966 2136 primi;

190 2145 270 2228 Quae
285 2148 432 2232 sequitur
446 2159 511 2214 stat
526 2148 721 2235 proforibus
736 2150 854 2235 stipata
867 2162 1004 2225 caterva,

188 2245 332 2331 Parsque
348 2259 441 2335 urget
456 2248 566 2325 socios,
581 2248 658 2314 alias
673 2248 824 2314 dilabitur
837 2260 871 2315 et
886 2272 958 2334 pars

190 2345 373 2428 Quaesitura
388 2347 472 2412 vias:
497 2348 644 2413 exclusus
658 2348 781 2413 defluus
795 2347 910 2412 humor

190 2444 344 2522 Iutumet‚
362 2446 593 2532 impatiensque
608 2470 705 2513 morae
720 2448 910 2533 expatiatur,
926 2455 959 2512 et
974 2468 1080 2511 errans

96 2550 164 2611 420
190 2544 309 2610 Fertur
325 2545 357 2609 in
371 2545 457 2611 hunc
472 2546 603 2624 fontem,
619 2548 777 2611 lentarum
793 2545 946 2631 impulsor
960 2563 1126 2629 aquarum.

191 2644 279 2709 Hinc
293 2645 331 2709 fit
345 2657 418 2731 post
432 2669 563 2732 magnos
577 2647 680 2733 guttis
695 2646 886 2732 pluvialibus
898 2645 1014 2710 imbres

190 2743 396 2809 Transmissis
410 2755 507 2809 aestus
522 2744 590 2810 fieri
605 2747 741 2821 crebros,
757 2754 790 2809 et
804 2744 837 2807 in
852 2742 945 2809 horas

189 2841 342 2908 Fluctum
356 2843 410 2928 (ut
423 2847 524 2928 nuno)
541 2843 661 2908 vicibus
676 2843 746 2908 tolli
760 2854 793 2907 et
808 2842 969 2907 subsidere
985 2841 1098 2906 ternis:

191 2939 255 3006 Sed
270 2952 342 3026 post
356 2941 515 3006 coutinuis
530 2940 676 3006 tellurem
692 2940 856 3007 ardoribus
870 2951 985 3016 ustam,

190 3039 259 3103 Vix
274 3039 370 3104 semel
385 3039 417 3104 in
432 3050 501 3104 toto
515 3039 602 3104 cerni
616 3038 685 3104 haec
699 3039 851 3104 miracula
864 3060 981 3104 mense.

188 3138 265 3203 dam
281 3150 404 3204 nostros
419 3138 547 3224 fugiens
562 3139 648 3204 visus
663 3138 774 3224 auriga
788 3138 851 3203 diei

190 3237 372 3323 Antipodas
387 3247 454 3301 tota
469 3236 626 3303 lustrabat
639 3237 783 3323 lampade
795 3260 803 3312 ;
827 3236 918 3301 nobis

189 3336 358 3423 Languida
372 3358 530 3400 succensae
546 3337 731 3421 praebebant
744 3335 865 3399 lumina
879 3335 1000 3407 nubes;

189 3436 235 3500 Et
250 3435 343 3500 simul
358 3435 398 3499 ad
412 3434 567 3500 celebrem
584 3434 700 3519 tepidis
715 3433 902 3519 deponimur
918 3431 1010 3496 undis

97 3545 163 3604 430
189 3533 397 3599 Buxtouam¹.
441 3532 535 3597 Diva
550 3555 637 3597 sacer
651 3545 701 3598 est
715 3531 786 3597 sons
802 3530 943 3616 inclytus
959 3529 1067 3593 Annae

191 3634 315 3698 Ambas
329 3632 441 3696 miscet
455 3655 553 3715 aquas
568 3631 686 3695 oallidae
700 3629 878 3716 gelidaeque
893 3628 1038 3692 ministra

190 3733 316 3808 Tellus3
340 3730 581 3816 sulphureisque
596 3729 733 3794 effundit
747 3729 915 3814 pharmaca
929 3727 1027 3792 venis.

190 3832 273 3897 Haec
288 3829 427 3895 resoluta
440 3852 551 3894 senum
566 3829 733 3894 confirmat
748 3829 889 3892 membra
903 3836 1105 3899 trementum,

189 3931 236 3995 Et
250 3928 374 3994 refovet
387 3951 500 3993 nervos
515 3927 611 3991 lotrix
626 3926 693 3992 haeo
709 3925 840 4011 lympha
853 3925 984 4010 gelatos.

190 4029 266 4093 Huc
282 4027 406 4091 infirma
420 4036 537 4112 regunt
551 4025 671 4090 baculis
687 4023 820 4110 vestigia
834 4023 938 4088 claudi
950 4046 958 4098 ;

189 4126 315 4213 Ingrati
330 4125 473 4191 referunt
488 4125 608 4190 baculis
623 4123 757 4209 vestigia
772 4121 895 4207 spretis.

189 4255 268 4263 ,⁶—

504 4313 510 4343 ¹
524 4313 631 4365 Buxtou
646 4310 724 4363 Well.
759 4307 858 4360 Mirab.
879 4322 914 4358 ιν.

290 4419 384 4469 vot..
405 4420 443 4469 V.
