2932 5054
520 404 740 458 unrsronn.
1076 388 1150 466 287

109 568 333 666 precedenti
349 569 479 664 figura,
493 580 602 643 erunt
619 569 827 643 celeritates
839 591 907 667 per
919 568 999 660 AB,
1013 570 1091 660 AC,
1108 585 1152 644 ut
1181 583 1308 629 Habeam
1320 581 1349 626 αἱ

110 682 201 779 ipsae
211 682 288 771 AB,
298 682 376 772 AC,
387 682 458 755 hoc
469 692 536 769 est,
547 695 591 757 ut
601 692 660 757 r.2
673 681 721 755 ad
734 690 806 771 rai,
819 682 890 756 hoc
902 694 969 772 est,
980 693 1023 757 ut
1032 683 1153 757 rAad
1180 649 1334 753 Q

111 794 1014 881 r.10,hocestut2adr.10:etn0nut2ad3.
1065 797 1152 870 Non

111 910 227 1005 igitur
249 909 416 1004 sequitur
445 907 644 981 absurdum
670 907 762 982 illud
791 908 838 981 ab
864 909 936 982 isto
963 909 1073 983 modo
1097 909 1152 982 lo·
1208 993 1211 998 ,

112 1021 261 1118 queudi,
280 1021 381 1116 quod
405 1021 563 1117 putabat
585 1021 755 1095 dominus
771 1021 978 1096 Descartes.
1029 1021 1152 1112 Vides,
1266 1104 1268 1109 .

110 1147 228 1232 pater,
242 1159 354 1230 quam
366 1159 525 1230 pronum
539 1135 597 1223 sit,
616 1135 728 1207 etiam
742 1133 961 1209 doctissimis
975 1135 1075 1226 viris,
1088 1160 1155 1232 per

111 1248 263 1322 nimiam
281 1248 517 1321 securitatem
535 1247 754 1344 quandoque
771 1263 1019 1338 παραλογίζεσθαι.

162 1362 307 1437 Quarto
333 1362 473 1452 scribis,
502 1362 625 1435 dicere
654 1360 757 1433 illum
791 1384 866 1434 non
897 1361 1065 1435 debuisse
1095 1386 1154 1435 me

112 1474 235 1549 dicere
253 1476 477 1557 celeritatem
496 1475 678 1548 sublatam
695 1498 774 1548 esse
791 1497 815 1546 a
830 1485 940 1562 terra,
960 1486 1155 1571 propterea

113 1587 213 1686 quod
245 1589 307 1662 ille
343 1587 568 1662 contrarium
601 1597 852 1683 supposuerat,
888 1598 926 1661 et
958 1599 1156 1685 propterea

113 1699 213 1798 quod
243 1712 373 1775 contra
402 1702 665 1797 experientiam
690 1711 767 1773 est:
794 1700 931 1796 alioqui
955 1700 1054 1773 cuim
1080 1701 1156 1794 pila

111 1814 464 1911 perpendiculariter
486 1814 526 1887 in
554 1825 690 1887 terram
710 1812 875 1886 incidens
892 1836 1081 1911 uunquam
1098 1836 1155 1887 re·

112 1926 241 2000 siliret.

162 2040 396 2136 Respondeo,
408 2051 507 2114 certe
520 2064 589 2136 ego
607 2040 645 2112 in
659 2039 815 2136 epistola
830 2061 914 2112 mea
923 2039 1156 2136 hypothesim

112 2152 211 2226 illius
235 2177 313 2228 nou
338 2154 482 2241 sustuli,
510 2152 575 2226 sed
597 2152 674 2225 dixi
696 2153 815 2248 ipsum
843 2177 924 2226 eam
947 2152 1155 2227 sustulisset

113 2266 272 2363 ideoque
297 2290 342 2339 ea
368 2267 424 2339 uti
448 2290 522 2340 non
554 2265 733 2338 debuisse.
785 2266 883 2339 Nam
907 2278 1085 2363 quantum
1108 2265 1157 2339 ad

113 2403 234 2454 meam
261 2379 307 2453 de
327 2402 371 2453 ea
397 2403 438 2452 re
463 2379 671 2475 opinionem
701 2379 845 2468 attinet,
862 2391 954 2475 puto
972 2402 1059 2452 saue
1077 2379 1157 2453 dari

113 2505 258 2567 motum
275 2494 338 2589 qui
360 2516 480 2589 neque
509 2492 588 2565 tolli
612 2513 732 2586 neque
759 2492 843 2566 ideo
860 2492 976 2566 minui
992 2516 1156 2588 unquam

113 2607 240 2702 possit.
294 2604 368 2679 Sed
393 2617 436 2677 ut
458 2603 602 2700 judices
628 2614 753 2674 utrum
780 2628 883 2677 suam
900 2604 1013 2700 ipsius
1030 2606 1156 2678 abstu-

114 2717 199 2791 lerit
216 2717 448 2813 hypothesim
465 2739 593 2804 necue,
610 2726 819 2810 repetamus
835 2717 1003 2813 figuram.

166 2830 347 2926 Supponit
377 2829 437 2901 ille
465 2829 604 2903 moveri
624 2828 658 2899 A
676 2851 800 2903 versus
818 2831 861 2919 B,
879 2842 981 2904 motu
1006 2829 1154 2926 quidem
1206 2863 1208 2867 ¹

115 2966 303 3039 uunquam
320 2952 520 3028 cessaturo,
536 2942 601 3015 sed
618 2953 740 3016 tamen
754 2945 816 3040 qui
832 2968 907 3017 non
925 2968 1069 3040 semper
1086 2943 1157 3017 erit

116 3055 155 3127 in
181 3079 226 3128 ea
253 3055 571 3143 determinatione,
595 3065 638 3126 ut

116 3168 177 3241 ille
190 3168 375 3263 loquitur:
402 3168 473 3241 hoc
487 3180 555 3257 est,
569 3168 638 3241 ibit
745 3140 921 3313 Δ

116 3304 260 3377 semper
306 3281 495 3377 aequaliter
537 3281 638 3377 quod
723 3270 737 3303 Α
1060 3280 1121 3385 [1¹

116 3406 296 3485 moretur,
339 3394 405 3468 sed
450 3418 526 3467 non
570 3395 639 3468 ibit
695 3317 920 3594 ΑΕ
1109 3339 1151 3599 Ap

117 3530 262 3602 semper
278 3531 346 3602 per
367 3507 522 3581 eandem
539 3507 637 3579 mam

117 3620 192 3693 sive
255 3619 389 3694 lineam
444 3621 635 3694 directam.
687 3625 745 3655 ¹³⁰

118 3733 303 3807 Concedo.
346 3736 539 3823 Praeterea,
554 3735 786 3832 componitur
799 3734 1068 3825 determinatio,
1083 3739 1159 3812 sive

117 3847 187 3933 via,
215 3848 261 3918 ab
279 3847 453 3921 Aversus
479 3848 551 3920 Ba
573 3846 715 3921 duabus
745 3848 825 3921 aliis
842 3849 921 3937 viis,
941 3850 1016 3924 sive
1038 3851 1160 3925 deter-

117 3958 399 4032 minationibus:
427 3983 582 4054 quarum
607 3985 682 4033 una
707 3972 763 4034 est
780 3960 951 4035 deorsum
965 3964 1011 4036 ab
1029 3966 1063 4037 A
1080 3989 1160 4038 ver-

118 4095 180 4145 sus
207 4071 249 4159 C,
277 4073 394 4146 altera
423 4072 584 4146 lateralis
611 4074 656 4146 ab
676 4075 711 4147 A
732 4097 858 4148 versus
885 4077 936 4148 H.
988 4077 1159 4152 Concedo

119 4208 275 4280 quoque.
325 4187 380 4258 Ex
403 4187 461 4259 his
488 4187 645 4283 probare
663 4211 701 4261 se
719 4200 825 4284 putat
845 4202 989 4264 motum
1006 4193 1051 4265 ab
1070 4194 1159 4266 Ain

120 4297 151 4370 B
167 4296 367 4393 procedere
391 4324 413 4372 a
439 4299 470 4372 B
486 4299 524 4372 in
542 4299 571 4370 F
593 4324 659 4396 per
685 4302 859 4398 angulum
878 4305 968 4379 FBE
983 4306 1160 4401 aequalem
