2932 5054
365 438 564 497 ROSETUM
580 438 904 498 GEOMETRICUM.
1111 431 1155 497 13

110 608 233 682 Docta
250 630 339 705 ergo
357 607 416 682 Ale
432 621 583 684 secante
599 634 727 684 arcum
745 609 805 685 OE
823 611 862 684 in
880 611 916 701 h,
930 610 1000 685 erit
1017 611 1158 686 chorda
1196 635 1282 678 moe
1297 637 1342 680 m.

112 721 169 796 Bk
185 721 234 795 ad
252 721 431 796 chordam
448 721 502 798 Oh
519 736 563 797 ut
579 733 603 798 8
620 723 668 798 ad
682 728 718 807 7.
769 724 817 798 Et
832 747 900 821 per
917 748 1156 822 consequens,
1185 707 1349 823 „ffb

110 846 273 931 quatuor
296 835 446 909 chordae
469 836 526 910 Ch
548 836 597 909 ad
623 848 780 934 quatuor
803 837 961 911 chordas
987 835 1046 936 cg
1067 850 1111 913 ut
1133 847 1157 913 8
1183 830 1328 889 ’ΨΜ

110 948 159 1021 ad
176 953 213 1032 7.
267 948 455 1038 Similiter,
473 949 503 1023 si
521 950 594 1024 duo
612 974 720 1024 arcus
737 949 791 1025 ch
808 961 846 1024 ct
863 949 921 1049 (ig
934 951 1157 1043 hiseceutur,

111 1073 297 1136 eteorum
313 1062 543 1159 bisegmanta
572 1064 612 1137 in
634 1064 832 1153 infinitum,
856 1087 984 1138 eorum
1009 1065 1158 1140 chordae

110 1170 267 1272 singulae
283 1173 332 1248 ad
348 1175 521 1272 singulas,
543 1189 653 1250 erunt
670 1177 708 1250 in
725 1178 867 1251 ratione
886 1186 910 1250 8
930 1177 979 1252 ad
996 1182 1030 1260 7.
1085 1178 1160 1253 Sed

110 1287 263 1362 chordae
288 1288 342 1360 sic
371 1299 527 1385 sumptae
548 1289 588 1363 in
611 1289 741 1387 quovis
759 1313 848 1364 arcu
865 1290 1052 1381 infinides,
1071 1304 1159 1366 sunt

110 1422 241 1475 omnes
263 1401 371 1475 simul
394 1401 472 1499 ipse
499 1424 618 1476 arcus.
670 1403 795 1477 Quare
825 1426 932 1477 arcus
951 1401 1002 1477 Oc
1027 1415 1084 1478 cst
1110 1404 1160 1478 ad

111 1538 241 1588 arcum
260 1514 321 1589 OE
338 1526 381 1588 ut
397 1524 421 1588 8
438 1514 487 1590 ad
504 1520 539 1599 7.
578 1516 628 1590 Et
644 1538 752 1590 arcus
767 1514 818 1591 Oc
831 1527 888 1590 est
904 1517 1061 1612 septima
1073 1540 1159 1613 pars

110 1629 227 1703 totius
256 1628 445 1724 perimetri
469 1651 536 1726 per
554 1627 595 1704 Ο.
646 1629 746 1724 Ergo
772 1628 884 1702 ducta
900 1643 1004 1703 recta
1020 1627 1083 1721 Co,
1101 1643 1159 1705 est

109 1741 210 1815 latus
223 1740 426 1837 heptagoni
443 1741 482 1815 in
500 1741 638 1816 circulo
654 1763 721 1839 per
740 1741 783 1814 C.

161 1855 286 1928 Docta
302 1866 426 1928 autem
443 1855 500 1929 Ae
516 1853 700 1930 abscindit
716 1854 908 1952 septimam
933 1866 1076 1952 partem
1093 1880 1157 1954 pe·

111 1966 257 2041 rimetri
272 1991 340 2064 per
352 1965 397 2041 Β.

161 2084 353 2155 Anlman.
383 2080 495 2168 Quod
517 2079 676 2154 chordae
698 2081 867 2178 portium
896 2105 1008 2155 arcus
1035 2081 1158 2176 irfini-

114 2193 187 2268 ties
214 2204 383 2293 sumptus
416 2193 580 2291 ‹equuler
606 2193 711 2267 dicat
739 2217 821 2267 ease
847 2193 960 2268 simul
991 2204 1158 2293 sumptus

111 2306 191 2406 ipsi
220 2307 339 2396 arcui,
374 2305 595 2381 incredibile
623 2316 693 2381 eat.
763 2307 830 2382 Sic
868 2307 963 2381 enim
996 2308 1157 2406 singulte

110 2420 259 2495 chordo
274 2420 440 2518 (equuleo
467 2419 644 2494 deberem
659 2443 741 2493 esre
756 2421 836 2493 auia
858 2419 1034 2512 arcubus,
1057 2421 1160 2519 quod

113 2544 171 2608 est
187 2533 397 2632 impossibil
417 2589 426 2607 .

164 2647 262 2720 Nam
286 2646 317 2719 si
344 2646 498 2744 singulae
524 2646 673 2721 ohordae
701 2646 854 2743 singulis
882 2649 1039 2722 arcubus
1065 2672 1158 2745 quos

113 2760 344 2834 subtendunt
372 2783 449 2832 non
476 2773 564 2833 sunt
596 2760 767 2857 sequidem
792 2773 950 2857 possunt
974 2762 1027 2835 illi
1052 2784 1159 2835 arcus

113 2873 249 2970 singuli
266 2885 304 2946 et
322 2895 450 2946 eorum
467 2873 696 2969 bisegmenta
712 2896 837 2947 rursus
854 2875 1031 2947 bisecari:
1059 2875 1159 2971 quod

114 2998 170 3061 est
189 2997 322 3060 contra
338 2987 580 3083 suppositum.
632 2987 830 3060 Inventum
856 3010 946 3085 ergo
977 2998 1033 3061 est
1062 2988 1159 3061 latus

113 3100 334 3197 heptagoni:
361 3098 460 3196 quod
478 3111 535 3172 est
551 3100 791 3196 propositum.

167 3213 335 3286 Conseri.
355 3213 380 3285 i.
408 3214 465 3286 Ex
484 3213 554 3286 hac
585 3213 897 3287 demonstratione
914 3222 1069 3310 apparet
1085 3236 1159 3286 mc·

114 3324 252 3400 thodus
282 3325 494 3399 inveniendi
523 3338 667 3422 partem
698 3327 892 3422 septimam
921 3326 1046 3422 anguli
1070 3326 1159 3399 dati.

114 3439 212 3514 Nam
229 3438 280 3513 ad
295 3462 403 3512 arcus
422 3438 498 3512 dati
516 3451 710 3534 utrumque
727 3440 926 3513 terminum
942 3439 974 3512 si
992 3463 1015 3513 a
1032 3450 1160 3512 centro

113 3553 243 3627 circuli
260 3552 445 3626 ducantur
470 3552 578 3627 lineae
600 3564 723 3643 rectae,
741 3553 874 3627 deinde
892 3552 1161 3626 semidiameter

114 3677 261 3740 secetur
290 3663 520 3751 octofariam‚
548 3677 814 3761 sumanturque
836 3690 859 3738 a
884 3676 1012 3739 centro
1035 3677 1160 3761 partes

114 3781 192 3876 ejus
210 3790 365 3874 septem,
377 3777 562 3875 descripto
575 3778 662 3851 inde
676 3778 813 3851 circulo
832 3779 904 3851 erit
921 3802 1027 3851 arcus
1044 3781 1162 3875 major

113 3892 161 3966 ad
177 3893 359 3966 minorem
378 3902 420 3965 ut
437 3900 460 3965 8
479 3891 526 3964 ad
545 3896 581 3974 7.
633 3891 758 3966 Quare
787 3891 859 3965 duo
887 3916 994 3965 arcus
1011 3894 1161 3988 majoris

114 4005 245 4079 bisecti
275 4006 324 4078 ad
347 4004 439 4078 duos
468 4029 574 4079 arcus
601 4006 754 4078 minoris
781 4006 923 4093 bisecti,
951 4017 1060 4078 erunt
1076 4015 1160 4080 ut8

113 4118 161 4191 ad
195 4122 232 4201 7.
284 4119 405 4191 Etiam
436 4142 565 4192 eornm
598 4119 748 4192 chordae
782 4131 893 4193 crunt
919 4131 961 4192 ut
994 4128 1016 4192 8
1048 4123 1096 4193 ed
1124 4123 1158 4201 7.

114 4233 245 4329 ltaque
275 4230 359 4304 duae
385 4231 534 4305 chordae
560 4233 708 4329 majoris
737 4232 786 4305 ad
820 4255 947 4305 arcum
981 4233 1160 4306 minorem

113 4346 309 4443 applicatae
327 4345 625 4420 determinahunt
652 4370 842 4420 excessum
860 4346 1025 4441 septimae
1041 4346 1158 4443 partis
