2932 5054
346 1016 664 1109 TRACTATU
668 1024 696 1107 S
752 1020 1017 1108 OPTICUS.

583 1282 782 1312 ὃ

537 1484 826 1538 HYPO‘rnnsns.

166 1637 193 1690 1.
220 1615 361 1688 Omns
377 1615 473 1688 actio
492 1625 547 1687 est
559 1626 681 1687 motus
697 1613 823 1688 localis
839 1613 878 1686 in
895 1622 1041 1709 agente,
1060 1613 1155 1686 sient
1172 1623 1210 1686 et
1222 1627 1428 1672 ainonensis.

167 1728 285 1800 omnis
301 1728 421 1824 passio
438 1740 494 1800 est
511 1739 634 1801 motus
651 1726 778 1801 localis
801 1725 837 1799 in
856 1726 1034 1823 patiente.
1083 1723 1211 1824 Agma
1249 1698 1393 1734 ’μ’

167 1841 218 1914 tia
235 1841 383 1914 nomine
401 1840 567 1937 intelligo
586 1863 734 1938 corpus,
753 1840 857 1936 cnjus
874 1850 977 1912 motu
994 1836 1211 1935 producitur

166 1956 319 2027 effectus
346 1953 384 2026 in
406 1954 478 2027 alio
504 1976 683 2049 corpore3
703 1952 899 2050 patientia,
927 1952 1065 2047 inquo
1090 1962 1211 2025 motus

166 2065 298 2161 aliquis
315 2065 361 2138 ab
379 2065 450 2139 alio
468 2089 622 2161 corpore
634 2078 844 2161 generatur.
887 2065 1056 2162 Exempli
1071 2065 1211 2160 gratia:
1325 2110 1331 2117 ·

167 2175 256 2252 dum
270 2178 406 2266 olavus,
423 2189 467 2252 ut
483 2177 599 2264 aiunt,
617 2178 760 2251 clavum
773 2177 890 2274 pellit,
904 2190 1026 2251 motus
1040 2176 1211 2275 pellentis

168 2305 226 2366 est
249 2290 345 2365 aetio
363 2292 454 2388 ejus,
473 2304 595 2364 motus
612 2291 709 2387 pulsi
731 2303 789 2364 est
812 2290 907 2388 pulsi
929 2291 1062 2388 passio.
1115 2291 1212 2365 Item

169 2405 257 2477 dum
279 2404 391 2478 carbo
418 2404 556 2500 ignitus
583 2404 753 2479 ealefacit
778 2404 977 2495 hominem,
1001 2405 1071 2479 etsi
1092 2428 1213 2502 neque

168 2518 280 2591 carbo
298 2540 417 2613 neque
435 2518 545 2590 homo
563 2540 630 2590 suo
648 2516 730 2591 loco
748 2527 865 2604 exeat,
883 2541 1002 2615 neque
1022 2517 1106 2592 ideo
1132 2541 1213 2592 mo-

169 2642 310 2721 veatur,
338 2644 396 2703 est
425 2641 549 2705 tamen
578 2630 718 2728 aliquid
746 2631 909 2705 materiae
939 2632 1014 2704 sive
1049 2636 1213 2728 corporis

170 2744 313 2819 subtilis
337 2744 382 2817 in*
399 2745 572 2832 carbone,
591 2743 691 2841 quod
714 2755 894 2834 movetur,
911 2756 949 2817 et
976 2757 1117 2818 motum
1140 2745 1214 2818 oiet

170 2858 209 2931 in
239 2857 361 2931 medio
390 2881 505 2954 nsque
534 2856 583 2931 ad
611 2858 821 2941 hominem;
849 2869 886 2930 et
913 2869 968 2930 est
998 2857 1035 2930 in
1065 2858 1214 2931 homine

171 2983 294 3044 stante
310 2972 477 3060 immoto,
495 2982 618 3044 motus
643 2970 775 3067 aliquis
797 2970 837 3043 in
863 2971 1030 3067 partibus
1057 2972 1214 3044 internis

171 3084 256 3157 inde
273 3095 479 3179 generatus.
532 3080 658 3156 Motus
674 3095 799 3156 antem
816 3083 878 3157 hie
901 3084 1124 3181 inpartibus
1147 3085 1215 3157 ho·

171 3195 280 3270 minis
306 3196 461 3270 internis
492 3209 548 3269 est
575 3196 698 3280 ealon
725 3195 842 3270 etsie
868 3197 1020 3285 moveri,
1044 3197 1215 3285 calefieri,

171 3309 243 3384 hoe
260 3319 315 3383 est
331 3309 410 3406 pati
425 3339 435 3393 ;
462 3320 501 3383 et
516 3321 640 3383 motos
657 3308 718 3382 ille
736 3309 799 3404 qui
816 3322 873 3383 est
889 3309 927 3383 in
944 3311 1110 3406 partibus
1134 3334 1216 3384 ear-

172 3423 279 3497 bonis
302 3421 421 3520 igniti‚
438 3434 496 3495 est
520 3421 617 3496 aetio
645 3424 735 3518 ejus,
754 3421 830 3495 sive
852 3421 1070 3508 calefacti03
1097 3436 1135 3498 et
1162 3422 1216 3497 sia

174 3535 325 3622 moveri,
342 3533 555 3608 calefacere.

225 3668 271 3721 11.
296 3647 399 3722 Visio
415 3660 471 3722 est
487 3647 609 3745 passio
627 3647 809 3745 producta
833 3648 872 3722 in
890 3647 1038 3724 vidente
1063 3672 1129 3746 per
1155 3672 1217 3723 ao-

174 3762 314 3835 tionem
331 3760 467 3856 objecti
484 3760 598 3834 lucidi
616 3762 674 3835 vel
690 3761 897 3836 illuminati.

225 3896 290 3948 111.
317 3874 360 3948 ln
380 3874 530 3964 visione,
548 3899 667 3971 neque
685 3876 882 3972 objectum,
900 3899 1018 3974 neque
1035 3899 1121 3972 pars
1139 3877 1219 3972 ejus

175 4011 401 4085 qnaeounque
419 3987 552 4060 transit
570 3988 684 4062 eloco
702 4013 769 4062 sno
784 3989 830 4062 ad
845 3989 1003 4062 oculum.
1032 3988 1085 4062 Ut
1098 4003 1220 4065 motus

175 4101 290 4197 possit
318 4112 459 4173 motum
487 4124 664 4197 generare
690 4100 738 4175 ad
765 4103 965 4198 quamlibet
992 4101 1218 4193 distantiam,

175 4238 251 4287 non
281 4226 338 4287 est
364 4214 610 4287 necessarium
639 4228 678 4288 ut
700 4213 844 4312 eorpus]
856 4215 946 4289 illud
963 4240 987 4288 a
1004 4239 1076 4312 quo
1095 4228 1219 4289 motus

176 4339 384 4421 generatur,
408 4338 571 4402 transeat
601 4352 668 4425 per
700 4340 821 4402 totum
852 4327 942 4402 illud
969 4329 1128 4425 spatium
1154 4353 1221 4426 per
