2932 5054
367 418 567 481 sosanna
583 422 910 484 oaounnarcmr.
1109 410 1161 487 ta.

114 590 185 667 Est
209 590 324 690 igitur
346 594 375 667 Z
398 604 568 669 centrum
588 594 780 691 gravitatis
805 594 1020 694 quadrantis
1044 592 1160 674 Duo.
1193 624 1280 669 asoa.
1296 623 1350 666 xx.

115 703 225 798 Quod
242 717 323 782 erat
340 707 680 784 demonstrandum.
787 764 790 769 -
1173 699 1375 812 Μζῃᾷζηῆ.

170 818 340 895 emeat.
386 821 564 896 Centrum
600 821 796 918 gravitatis
833 822 1066 912 semicirculi,
1104 835 1161 900 est
1172 819 1376 932 fflfflffi

113 933 240 1008 rnedia
255 935 540 1032 proportionalis
566 935 664 1009 inter
687 934 779 1011 duas
799 948 840 1010 et
859 959 971 1009 unam
992 938 1160 1035 quintam

114 1071 225 1122 arcus
242 1047 318 1122 AC.
371 1047 569 1122 Ostensnm
595 1048 692 1122 enim
717 1063 785 1139 est,
808 1049 928 1147 (prop.
948 1049 1001 1144 v),
1019 1063 1161 1129 rectam

115 1182 200 1258 quae
223 1160 346 1237 media
368 1172 424 1235 est
446 1160 545 1236 inter
571 1161 885 1236 semidiametrum
905 1174 946 1237 et
969 1163 1059 1237 duas
1082 1165 1161 1260 ejus

115 1275 277 1372 quintas,
295 1274 474 1371 aequalem
487 1298 567 1349 esse
585 1274 726 1349 duabus
737 1274 877 1373 quintis
893 1300 1002 1350 arcus
1015 1276 1093 1351 AC.
1120 1276 1161 1353 si

113 1387 233 1485 igitur
260 1386 323 1461 ΖΟ
352 1386 577 1483 producatur
605 1386 719 1486 adp,
748 1386 803 1461 ita
831 1398 874 1462 ut
901 1387 965 1461 ΖΟ
996 1387 1057 1486 Op
1086 1389 1160 1463 sint

115 1499 291 1597 aequales,
309 1499 421 1574 ducta
437 1499 500 1597 Dp
522 1499 594 1573 erit
610 1525 644 1600 p
664 1512 833 1574 centrum
856 1499 1047 1596 gravitatis
1069 1523 1160 1597 qua-¹

116 1613 260 1689 drantis
276 1614 426 1711 sequads
454 1611 569 1690 ΒΑΘ.
620 1610 803 1704 Quoniam
827 1625 952 1687 autem
981 1625 1159 1711 punctum

115 1729 151 1804 0
179 1726 312 1802 dividit
335 1725 395 1825 lq>
420 1725 601 1814 bifariam,
630 1727 701 1800 erit
727 1739 907 1821 punctum
935 1726 968 1800 0
991 1736 1160 1807 centrum

114 1840 310 1940 gravitatis
333 1838 434 1935 dupli
457 1839 675 1935 quadrantis
699 1835 814 1930 ΒΑΘ,
831 1839 902 1913 hoc
919 1851 978 1913 est
998 1841 1161 1914 semicir-

114 1955 192 2029 culi
208 1953 313 2028 radio
336 1950 402 2028 Dc
420 1951 610 2049 descripti:
635 1963 674 2026 et
691 1951 754 2050 Dp
769 1952 952 2048 producta
967 1952 1161 2028 abscindet
1231 2001 1236 2024 .

115 2091 246 2142 arcum
263 2064 311 2139 Cl
324 2064 502 2162 aequalem
518 2064 623 2149 arcui
640 2065 714 2140 LC.
758 2065 851 2140 Cum
869 2090 957 2162 ergo
976 2064 1161 2162 quadrans

118 2177 221 2255 DAc
239 2179 403 2277 quiescat
418 2177 457 2252 in
476 2178 516 2268 Z,
532 2190 574 2253 et
590 2178 724 2276 duplus
741 2191 863 2253 sector
880 2178 928 2253 (ll
941 2179 1105 2275 quiescat
1121 2179 1160 2253 in

110 2320 156 2394 p,
179 2303 281 2369 totus
305 2292 555 2367 semicirculus
576 2294 742 2389 quiescet
762 2293 800 2367 in
826 2290 871 2368 Ο.
924 2292 999 2366 Sed
1024 2291 1085 2368 ΖΟ
1103 2305 1161 2367 est

116 2407 239 2482 media
255 2406 540 2504 proportionalis
556 2406 654 2481 inter
675 2406 738 2480 DZ
756 2417 793 2480 et
809 2408 888 2503 ejus
905 2406 1103 2496 semissem,
1120 2405 1160 2482 id

113 2533 172 2596 est
188 2523 288 2595 inter
305 2520 396 2594 duas
413 2520 559 2616 quintas
576 2532 615 2593 et
632 2543 742 2593 unam
760 2521 925 2616 quintam
951 2543 1058 2594 arcus
1076 2519 1155 2609 AC,

115 2646 268 2732 propter
283 2633 509 2733 triangulum
527 2631 625 2708 DOZ
643 2634 898 2730 rectangnlum
914 2645 953 2708 et
974 2634 1156 2730 aequicru-

114 2773 210 2825 rum.

500 3201 641 3277 PROP.
668 3201 774 3276 XXI.

115 3398 169 3450 DE
206 3396 374 3450 CENTRO
411 3395 661 3449 Gnuvl'ra'rls
699 3396 878 3464 BILlNEl,
912 3396 1038 3449 cUJUs
1069 3395 1157 3450 UNA

165 3508 295 3562 Lunna
323 3509 399 3563 EST
426 3510 559 3563 alteus
589 3510 874 3577 QUADRANTIS,
892 3510 1055 3563 ALTERA
1084 3510 1157 3561 EST

164 3623 361 3677 EJUSDEM
380 3623 516 3678 Ancus
536 3624 766 3676 SUBTENSA.

114 3763 325 3839 Csnrausr
344 3765 536 3861 gravitatis
553 3764 680 3838 bilinei
691 3762 827 3838 ALGA
839 3777 897 3838 est
913 3765 952 3838 in
971 3764 1157 3860 diagonali

114 3874 194 3967 BD,
214 3878 354 3952 distans
371 3902 393 3951 a
410 3891 548 3973 puncto
563 3877 595 3951 B
617 3893 756 3975 quanta
780 3890 836 3953 est
862 3879 1056 3976 longitudo
1074 3893 1157 3953 tan-

111 3992 234 4088 gentis
253 4000 302 4066 30
319 3991 512 4088 graduum.

162 4105 378 4180 Inveniatur
391 4116 546 4200 tangens
560 4114 608 4181 30
621 4104 803 4202 graduum
818 4105 898 4190 BX,
912 4106 972 4178 cui
985 4131 1006 4178 a
1019 4116 1158 4203 puncto

112 4218 143 4293 B
174 4221 214 4294 in
242 4218 429 4314 diagonali
459 4219 527 4292 BD
555 4234 722 4293 sumatur
752 4218 903 4312 aequalis
933 4219 1006 4292 BT.
1061 4220 1154 4293 Dico

111 4344 293 4431 punctum
309 4333 342 4405 'l'
359 4356 437 4407 esse
455 4345 622 4408 centrum
639 4331 832 4430 gravitatis
865 4331 990 4407 bilinei
1009 4331 1156 4407 ALOA.

211 4468 309 4523 vot.
329 4469 369 4519 v.
1032 4469 1056 4519 n
