2932 5054
446 444 648 502 causum
665 445 844 502 BREV18·'
904 457 907 461 ’
1002 460 1005 465 ’
1113 435 1166 502 53

115 612 216 708 Ergo
227 613 339 687 etiam
351 612 400 688 ad
413 609 556 689 motum
572 614 804 690 effioiendnm
815 614 991 692 conducit
1002 626 1165 714 tempus
1196 640 1359 686 aninmo

117 724 315 800 Quomodo
333 737 479 825 tempus
491 739 616 826 potest
632 752 712 804 esse
725 741 848 804 motus
865 753 976 804 causa
988 730 1166 823 efficiam,
1203 725 1352 831 „L

113 839 342 937 intelligisne
359 842 426 916 tul
479 842 655 918 Etiam
620 867 697 917 vim
713 845 907 918 motrioem
931 844 979 918 ad
1001 866 1167 918 momen·

113 965 196 1026 tum
227 951 354 1043 refert,
384 979 467 1052 quae
493 956 533 1029 in
567 955 698 1030 eodem
731 967 903 1030 movente
930 979 1075 1054 semper
1106 966 1167 1032 est

112 1066 260 1140 eadem.
312 1067 544 1142 Momentum
569 1081 695 1142 autem
719 1069 885 1166 ejusdem
909 1071 1104 1160 moventis,
1120 1081 1167 1144 ut

113 1203 230 1276 snpra
246 1181 385 1268 monui,
402 1181 577 1255 variatur.
616 1182 880 1256 Resistentiom
893 1194 931 1257 et
949 1182 1166 1257 distantium

112 1291 164 1364 ad
191 1291 487 1389 impedimentum
516 1293 650 1368 refert:
674 1295 779 1392 quasi
806 1295 982 1370 distantia
1001 1319 1165 1393 unquam

113 1414 261 1477 motum
287 1416 411 1501 posset
438 1405 629 1503 impedire,
646 1431 732 1481 oum
758 1407 851 1485 nihil
878 1404 1019 1484 moveri
1044 1410 1165 1505 possit

113 1517 185 1590 nisi
204 1540 227 1590 a
245 1517 433 1614 contiguo.

518 1741 739 1795 nummulo
771 1743 813 1796 V.

170 1866 253 1941 Vim
264 1867 464 1959 matricem,
476 1867 538 1945 oet
546 1870 658 1944 ettam
670 1895 743 1944 uam
754 1869 991 1971 sempliciter,
1002 1870 1164 1972 appello,

109 1981 315 2080 potentiam
332 1983 513 2078 efficiendi
525 1992 671 2057 motum.

164 2094 250 2167 Non
269 2094 377 2169 video
395 2096 641 2172 differentiam
667 2097 765 2171 inter
782 2097 1037 2172 definitionem
1054 2098 1164 2189 hano,

112 2217 151 2282 et
167 2207 271 2281 illam
287 2211 477 2300 momenti,
494 2210 566 2284 nisi
584 2210 752 2308 potentia
767 2211 939 2285 movendi
955 2211 1004 2287 ad
1021 2225 1165 2287 motum

113 2308 190 2401 uon
207 2320 404 2396 conducat

515 2519 735 2574 DEFINI'I'IO
755 2521 816 2575 vl.

166 2645 243 2718 Per
259 2655 403 2744 tempus
417 2647 592 2750 intelligo
605 2649 783 2750 temporie
799 2648 971 2749 spatium
984 2648 1030 2723 td
1040 2649 1078 2722 ia
1091 2673 1164 2748 quo

114 2768 233 2831 motus
251 2761 489 2859 transigitur.

166 2872 290 2945 Homo
308 2872 467 2970 ineptus,
484 2884 527 2947 ut
544 2873 658 2947 sciam
671 2873 856 2971 quomodo
874 2874 1048 2970 intelligit
1070 2885 1163 2948 tem-

110 3008 196 3082 pus,
213 2985 417 3082 intelligere
430 3010 470 3060 se
484 2985 576 3060 dicit
594 2987 771 3083 temporis
787 2988 967 3084 spatium:
983 2988 1089 3084 quasi
1099 2988 1164 3085 qui

111 3111 260 3195 tempus
282 3099 371 3197 quid
397 3101 445 3175 sit
465 3101 597 3190 nescit,
623 3100 832 3198 intelligere
857 3101 973 3198 possit
1000 3100 1090 3197 quid
1116 3100 1165 3174 sit

111 3212 291 3309 temporis
307 3213 480 3310 spatium.

478 3437 701 3490 DEFINITIO
720 3438 801 3491 vu.

165 3565 432 3640 Resistendum
449 3566 528 3640 aive
542 3565 615 3639 aim
639 3566 853 3656 resistendi,
865 3565 1074 3665 potentiam
1091 3588 1165 3638 mo-

108 3680 171 3754 tui
187 3679 430 3769 contrariam,
447 3680 525 3752 aive
540 3705 621 3778 quae
638 3680 752 3752 motui
769 3680 927 3755 resistit.

162 3794 307 3868 Vitiosa
323 3804 390 3867 est
443 3793 574 3889 Neque
590 3793 760 3889 potentia
773 3792 884 3882 actui,
903 3791 941 3865 id
959 3804 1016 3865 est
1032 3789 1164 3878 motui,

113 3907 300 3981 contraria
316 3929 398 3978 esse
420 3916 564 4001 potest:
592 3928 713 4002 neque
729 3906 881 3978 verbum
906 3905 1084 3978 resistere
1106 3904 1164 3978 in·

111 4034 211 4094 trare
228 4019 340 4093 debet
356 4019 396 4092 in
414 4019 667 4092 definitionem
684 4018 916 4107 resistentia,
934 4042 983 4091 ne
1000 4018 1047 4092 sit
1064 4016 1163 4091 idem

109 4159 179 4232 per
195 4133 305 4208 idem.

162 4244 389 4322 Resistentia
406 4256 473 4331 est,
498 4245 563 4319 ubi
587 4254 674 4318 sunt
692 4242 765 4317 duo
793 4243 945 4316 mobilia
975 4244 1162 4340 contigua,

110 4376 265 4438 conatus
292 4359 467 4434 utriusvis
485 4359 644 4432 -oonatui
667 4358 831 4448 alterius,
858 4357 1008 4431 omnino
1031 4358 1091 4431 vel
1116 4380 1162 4430 ex
