2932 5054
537 433 870 489 nccnnsrnsrrcn.
1146 425 1218 504 379

183 596 328 664 Condere
343 620 402 664 nec
416 600 502 685 leges
512 600 619 685 jussit,
634 622 694 666 nec
708 599 824 668 hebere
838 601 979 669 tribunal

226 697 265 762 ln
281 697 393 770 terrim
417 698 472 764 sed
487 722 540 764 eos
555 697 601 764 ire
615 699 738 776 docere,
749 701 851 785 jubet

182 794 258 860 Non
272 796 377 882 plaeet
391 796 451 863 hoc
464 820 581 862 munus
595 797 800 883 sapientibus.
831 797 944 864 “Esse
958 809 1099 867 meretur

224 903 244 932 “
260 895 329 977 Qui
344 894 417 961 Rex
432 896 599 973 summus”‚
614 897 669 974 nit,
686 896 937 984 “ludimagister
950 899 1056 966 erit?”

182 992 217 1059 Si
232 1005 433 1079 peccatorum
448 1018 543 1080 quem
559 996 700 1081 poenitet,
716 1006 813 1081 etque
828 997 963 1064 sulutem

223 1091 402 1160 Concrcdet
419 1093 547 1160 Christo
561 1117 625 1159 non
640 1095 782 1161 variante
804 1095 877 1174 fide,
1138 1105 1220 1165 1120

182 1190 296 1257 Salvus
310 1192 380 1268 erit,
397 1193 492 1258 saeris
507 1193 534 1257 si
553 1194 601 1259 fes
615 1203 665 1259 est
679 1193 806 1259 credere
819 1193 917 1260 libris.

222 1290 350 1356 Durum
367 1301 425 1369 est,
441 1292 606 1357 Romanus
620 1291 753 1357 clericus
767 1291 869 1357 omnis
883 1291 937 1357 eit

180 1388 280 1456 Illene
295 1391 401 1455 salvus
415 1392 486 1468 erit,
501 1391 558 1475 qui
573 1415 636 1456 non
651 1390 804 1477 intelligit
817 1401 926 1456 utrum

223 1487 370 1554 Christus
385 1489 479 1555 homo
493 1490 592 1555 suerit
606 1490 719 1566 sactus,
735 1513 776 1555 en
790 1489 953 1555 induerit?

180 1587 246 1669 Qui
257 1588 394 1673 genitum
408 1610 466 1653 esee
480 1588 594 1673 nequit
607 1588 802 1675 distinguere
817 1590 858 1654 eb
872 1611 931 1654 eece
938 1590 1121 1675 profectum,

222 1686 294 1751 Aut
308 1686 409 1752 nescit
422 1687 551 1773 genitus
566 1687 623 1771 qui
637 1686 728 1752 Deus
742 1709 810 1752 esse
825 1688 952 1773 potest?

182 1783 216 1850 Si
232 1784 327 1850 datur
340 1786 401 1851 hoc
415 1785 513 1862 luicis,
529 1786 649 1851 frustm
662 1796 712 1852 est
726 1785 881 1872 sapientie
894 1797 1021 1852 nostre:

222 1883 338 1967 Atque
353 1884 473 1949 animas
488 1895 612 1950 nostras
626 1907 758 1970 corpore
771 1907 875 1951 crasse
888 1895 1012 1972 regent.

180 1990 200 2018 “
217 1980 372 2060 Semine”,
388 1981 537 2050 Christus
552 1984 607 2061 ait,
624 1991 644 2021 “
658 1985 742 2049 bone
756 1983 885 2068 quidum
900 1993 1024 2050 severat
1037 1984 1121 2051 ervis

224 2090 244 2118 “
254 2083 417 2168 Agricola,
433 2094 467 2148 nt
480 2083 611 2150 veniens
624 2106 701 2149 mox
713 2082 862 2148 inimicus
874 2082 980 2162 homo,
1132 2088 1216 2149 1130

180 2188 200 2217 “
215 2180 250 2244 N
251 2192 321 2247 octe
335 2181 447 2259 lutens,
463 2205 539 2269 agro
554 2182 674 2247 zizania
688 2181 770 2248 sevit
784 2182 903 2248 ecdem.

221 2288 242 2317 “
258 2281 297 2344 ln
312 2292 451 2367 segetem
466 2304 572 2347 semen
588 2281 689 2347 crevit
709 2293 882 2366 utrumque
896 2281 999 2348 simul.

180 2387 198 2416 “
214 2378 371 2445 Mirantes
386 2380 478 2457 servi,
494 2380 647 2464 dubiique
662 2379 740 2465 quid
755 2391 838 2446 esset
852 2381 1021 2467 egendum,

221 2485 242 2514 ‘⁶
257 2476 307 2542 Ut
321 2500 388 2543 mos
403 2489 461 2556 est,
477 2479 639 2545 dominum
654 2478 841 2544 consuluere
855 2502 959 2545 suum.

179 2584 199 2613 “
215 2585 224 2613 ‘
240 2576 385 2642 Evelline
396 2578 491 2662 jubes
505 2578 581 2642 istas
595 2577 746 2643 radicitus
761 2577 899 2643 herbae?

222 2684 263 2713 “‘
279 2676 344 2741 Vel
358 2676 385 2741 si
400 2699 464 2742 non
480 2676 584 2762 placet
598 2675 667 2753 hoc,
683 2676 780 2741 dicito
796 2676 874 2761 quid
888 2676 1042 2743 facimus’.

179 2783 198 2812 “
215 2774 284 2852 Ille,
300 2784 310 2813 ‘
325 2774 418 2839 simul
433 2786 576 2840 crescant
590 2775 666 2840 dum
681 2774 790 2840 messis
805 2775 946 2853 venerit’,
960 2775 1077 2860 inquit,

221 2883 241 2912 “
256 2883 266 2913 ‘
281 2873 355 2960 Igni
370 2873 535 2940 fasciculos
549 2873 623 2939 inde
638 2885 746 2958 parete
761 2874 869 2939 meo’.”

179 2974 355 3040 Haeretieos
371 2971 519 3040 Christus
534 2983 623 3039 vetet
636 2973 695 3038 hec
710 2975 768 3040 sub
780 2973 917 3059 imagine
931 2973 1002 3040 tolli

220 3073 311 3138 Ante
326 3073 409 3138 diem
424 3083 613 3150 extremum,
623 3073 846 3158 judiciumque
861 3072 935 3139 Dei.
1131 3077 1214 3138 1140

177 3182 197 3211 ‘⁴
211 3172 377 3238 Doctrinae
392 3184 506 3237 vestrae
522 3173 549 3236 si
563 3172 663 3238 frater
684 3172 768 3239 forte
782 3182 949 3259 repugnet,

220 3280 240 3309 “
255 3271 399 3336 Molliter
413 3271 499 3336 hunc
514 3271 618 3336 verbis
640 3271 790 3348 instrue”,
802 3270 923 3336 Paulus
936 3270 999 3336 eit:

178 3379 197 3408 ‘⁴
214 3370 248 3435 Si
264 3371 354 3435 Deus
369 3369 455 3434 illius
469 3369 548 3434 velit
563 3370 743 3436 illucescere
759 3370 868 3446 menti,

219 3478 239 3507 ‘⁴
255 3469 289 3534 N
290 3493 308 3536 e
323 3491 386 3534 non
402 3468 544 3533 inveniat
557 3469 660 3554 gratia
674 3491 743 3533 sere
757 3469 891 3535 loeum''.

177 3567 253 3634 Non
268 3568 375 3655 magni
389 3568 492 3633 secere
508 3566 620 3633 Patres
635 3578 761 3632 textum
775 3567 870 3646 hunc,
885 3589 988 3651 neque
1003 3567 1106 3633 multo

219 3668 325 3732 Pluris
340 3668 385 3732 eis
400 3678 495 3733 rectae
511 3667 563 3732 lex
578 3666 708 3731 rationis
723 3676 799 3731 erat.

177 3765 320 3830 Maxima
335 3766 463 3850 qunndo
478 3789 548 3830 meo
563 3788 633 3829 mea
647 3787 697 3828 res
711 3765 754 3829 sit
767 3764 889 3849 agenda
902 3763 1030 3850 pericle,

219 3864 315 3930 Mene
331 3875 420 3930 vetes
435 3865 494 3941 nti,
511 3876 557 3941 tu,
573 3864 695 3929 ratione
710 3864 804 3928 mee?

175 3964 338 4029 Daemonis
352 3963 469 4029 inferni
484 3964 510 4027 si
525 3975 558 4029 te
573 3964 652 4029 duce
667 3964 757 4029 labor
771 3963 804 4027 in
819 3962 936 4045 ignem,

219 4063 330 4144 (Quod
346 4086 385 4128 ne
400 4063 566 4150 contingat
581 4063 686 4128 nescio
701 4062 779 4147 quid
794 4062 965 4148 prohibet),
1129 4067 1212 4127 1150

178 4161 331 4246 Pnecipit
345 4174 383 4227 ut
398 4162 531 4227 redimes
547 4162 599 4226 lex
614 4162 699 4246 aequi
714 4184 844 4248 corpore
859 4183 982 4247 corpus,

221 4259 348 4344 Proque
364 4260 466 4325 salute
481 4282 551 4325 mea
565 4259 695 4345 perdere
712 4260 793 4325 velle
808 4272 908 4324 tunm·

177 4358 258 4426 llruc
273 4359 373 4425 dictat
387 4359 477 4434 ratio,
494 4359 520 4422 si
535 4374 636 4446 coget.
683 4359 749 4425 Det
764 4359 841 4423 mihi
857 4358 913 4442 qui
928 4357 998 4423 vult
