2932 5054
323 457 369 507 ru
389 456 616 511 Mansuram
636 455 930 510 aannrsrrcsm.
1084 440 1157 509 313

109 645 247 712 muros,
265 631 406 696 tectum
424 633 514 696 etc:
542 622 674 720 quibus
692 622 819 697 similis
843 631 902 695 est
921 618 1044 695 avium
1062 619 1157 695 nidi-

110 736 245 810 ficatio.
300 736 424 831 Hujus
451 748 577 809 autem
605 737 813 834 exemplum
839 747 897 808 est
925 756 1158 832 processusa

110 848 337 947 cogitatione
353 849 482 922 formae
501 849 631 922 domus
656 849 705 923 ad
731 848 995 945 cogitationem
1019 847 1094 922 loci
1119 847 1158 921 in

111 987 184 1060 qno
202 961 437 1036 aedificanda:
465 962 632 1059 sequitur
655 962 821 1037 materiae
838 986 883 1036 eo
900 962 973 1036 loci
990 985 1160 1058 compor-

111 1076 206 1150 tatio
221 1086 292 1149 etc.
308 1102 317 1148 ε
335 1099 416 1171 quae
428 1087 616 1171 utcunque
630 1087 752 1149 essent
763 1077 802 1149 in
816 1075 956 1164 avibus,
971 1074 1002 1148 si
1014 1100 1039 1148 a
1050 1074 1159 1172 pullis

111 1212 178 1287 per
197 1213 278 1278 ova,
296 1188 438 1278 nidum,
450 1203 489 1262 et
505 1190 696 1262 materiam
714 1188 761 1263 ad
777 1190 899 1263 locum
914 1199 1159 1279 recurrerent,

112 1314 152 1377 et
168 1302 392 1399 analyticam
409 1313 634 1376 exercerent.

164 1417 258 1490 Haec
282 1429 407 1489 autem
433 1416 709 1490 reminiscentia
735 1414 941 1489 mediorum
965 1413 1161 1506 adfinem,

112 1552 182 1603 ara
211 1529 359 1620 dicitnr,
390 1529 421 1603 si
451 1530 594 1626 quoties
621 1531 734 1603 finem
760 1528 1019 1625 imaginamur,
1049 1529 1161 1603 toties

113 1643 273 1716 eundem
298 1641 504 1717 mediorum
532 1644 700 1718 ordinem
723 1653 916 1740 percurrat
932 1641 1162 1739 imaginatio,

111 1755 384 1853 progrediendo
402 1780 425 1829 a
442 1780 554 1830 causa
570 1756 619 1831 ad
635 1758 823 1840 effectum:
840 1766 881 1828 et
896 1753 1055 1828 scientia
1072 1778 1162 1828 cnu-

113 1892 254 1954 aaram,
272 1892 356 1942 cum
372 1869 416 1942 fit
432 1891 625 1964 processus
642 1870 689 1943 ab
707 1868 850 1943 effectis
866 1869 914 1943 ad
932 1891 1093 1942 causam.

165 1981 205 2055 Si
226 1981 280 2055 rei
305 1982 415 2055 unius
438 1981 487 2054 ad
509 1981 647 2055 alium*
671 1992 709 2057 et
731 1992 885 2056 eventus
907 1980 957 2056 ad
986 1993 1162 2056 eventum

113 2094 368 2184 successionis,
386 2093 464 2167 sive
481 2095 736 2169 antecedentis
754 2106 792 2171 et
809 2094 1083 2191 consequentis,
1094 2094 1161 2167 ad-

112 2206 164 2280 sit
181 2208 370 2294 memoria,
388 2205 525 2281 dicitur
541 2208 852 2306 experimentum
870 2232 916 2282 ex
927 2231 1000 2304 qno
1011 2207 1066 2281 si*
1080 2208 1163 2305 quis

113 2332 287 2394 eventum
313 2321 470 2394 similem
493 2321 622 2395 videns
643 2322 791 2395 eventui
814 2321 1016 2419 praeterito,
1035 2319 1164 2395 credat

112 2456 260 2530 quoque
273 2433 430 2507 similem
444 2435 617 2508 effectum
634 2448 859 2525 secuturum,
872 2435 931 2509 vel
945 2446 1056 2509 antea
1067 2458 1162 2531 prae-

112 2546 257 2619 teriisse
274 2547 430 2619 similem
443 2548 478 2620 ei
492 2572 601 2644 quem
618 2559 841 2644 praesentem
853 2547 967 2622 videt.
993 2548 1163 2644 Exempli

113 2658 246 2755 gratia,
266 2660 329 2755 qui
354 2661 490 2733 nubem
510 2660 662 2734 densam
680 2674 718 2735 ct
743 2663 888 2759 nigram
904 2663 1020 2749 videt,
1033 2686 1165 2759 expec-

113 2772 210 2845 tabit
227 2772 401 2868 pluviam,
419 2773 518 2870 quod
539 2775 642 2870 prius
659 2775 793 2849 viderit
815 2775 976 2872 pluviam
999 2787 1163 2848 secutam

113 2883 244 2957 fuisse:
271 2886 329 2958 vel
346 2910 392 2959 ex
409 2889 487 2960 visa
507 2888 632 2984 pluvia
654 2890 790 2962 nubem
815 2890 914 2962 illam
931 2888 1164 2986 praecessisse

115 2997 226 3086 dicet,
240 2999 327 3096 quia
339 3001 441 3096 prins
455 3000 509 3074 ita
522 3002 721 3097 contigisse
734 3003 913 3076 meminit.
951 3000 1051 3076 Quid
1064 2999 1164 3073 enim

114 3109 216 3183 aliud
244 3110 301 3184 es't
328 3113 445 3185 futuri
469 3114 699 3211 imaginatio,
717 3139 827 3213 quam
849 3113 1041 3212 praeteriti,
1059 3113 1165 3208 cujus

115 3225 284 3300 ordinem
298 3250 384 3299 curn
396 3229 570 3324 praesenti
585 3253 794 3302 connexum
811 3229 985 3326 fingimus
1001 3226 1059 3300 vel
1077 3247 1164 3321 sup·

114 3338 299 3435 ponimnS,
318 3340 497 3414 sumendo
515 3341 652 3415 similes
671 3354 835 3431 eventus,
852 3359 986 3438 nempe
1002 3360 1164 3436 praesen-

114 3462 192 3524 tem
212 3465 252 3525 et
268 3454 510 3549 praeteritum,
537 3479 612 3527 non
631 3466 673 3528 ut
691 3454 839 3544 similes,
853 3454 919 3528 sed
939 3463 983 3527 ut
1005 3450 1164 3527 eundem

114 3565 293 3639 numero?
348 3566 455 3641 Unde
481 3569 525 3640 fit
546 3580 587 3640 ut
611 3580 763 3641 eventus
787 3567 850 3664 qui
872 3590 1001 3641 revera
1025 3587 1163 3662 praeoe-

116 3677 265 3750 dentem
279 3681 486 3769 antecessit,
502 3681 754 3777 suppositione
770 3681 1024 3777 fictitioneque
1036 3690 1166 3752 nostra

115 3790 220 3885 sequi
238 3790 417 3865 videatur.
452 3791 641 3890 Quidquid
659 3807 783 3867 autem
800 3792 974 3890 praesenti
990 3789 1164 3887 supponi-

114 3901 367 3998 tensaurum
384 3906 600 4001 appellatur.

167 4013 221 4087 Ut
250 4029 375 4089 autem
409 4019 746 4115 experimentorum
782 4017 959 4091 memoria
993 4027 1163 4112 respectu

590 4322 607 4357 ⁹
625 4322 682 4380 sic.
