2932 5054
321 443 375 495 sn
397 442 589 495 csnrnsn
609 442 940 497 unnrrsrronns.
1076 428 1150 496 253

109 610 307 686 cultatibns
325 624 363 686 et
388 612 543 702 actibus,
560 612 633 686 hoc
650 622 716 704 est,
736 636 759 687 a
776 613 851 686 suis
866 609 1153 709 proprietatibus
1191 634 1337 678 ausono

110 737 148 799 et
165 725 342 799 essentiis.
394 724 505 798 Aliud
525 726 624 798 enim
649 735 706 798 est
730 725 852 823 ipsum
878 748 956 811 ens,
974 722 1074 798 aliud
1096 734 1154 796 est

110 841 189 937 ejus
206 837 381 911 essentia.
434 837 559 912 Potest
587 862 674 935 ergo
693 862 773 912 esse
789 850 906 913 utres
923 836 1089 935 cogitans
1105 836 1154 911 sit

111 953 316 1050 subjectum
332 952 478 1041 mentis,
497 952 662 1042 rationis,
679 952 738 1026 vel
760 951 980 1039 intellectus,
997 949 1154 1046 ideoque

111 1088 328 1162 corporeum
345 1063 500 1162 aliquid:
527 1067 632 1162 cujus
649 1065 874 1139 contrarium
891 1062 1061 1154 sumitur,
1078 1085 1155 1136 non

110 1180 299 1277 probatur.
334 1179 402 1251 Est
417 1188 541 1251 tamen
554 1179 634 1251 haec
648 1178 762 1252 illatio
776 1176 1057 1251 fundamentum
1069 1201 1154 1250 con·

112 1291 285 1365 clusionis
303 1315 413 1388 quam
429 1291 576 1365 videtur
591 1291 686 1365 velle
703 1292 748 1365 D.
768 1291 808 1365 C.
828 1290 1003 1364 stabilire.

161 1403 327 1477 Ibidem:
354 1403 452 1477 Novi
468 1429 525 1478 me
540 1407 732 1478 existere:
757 1427 882 1502 qemero
898 1403 984 1502 quis
1000 1404 1071 1476 sim
1086 1426 1157 1502 ego

112 1541 217 1616 quem
249 1516 355 1590 novi:
389 1517 640 1591 certissimum.
666 1527 725 1592 est
763 1518 871 1613 hujus
903 1517 960 1591 sic
990 1516 1157 1616 precise

113 1631 250 1728 sumpti
271 1629 441 1703 notitiam
466 1654 537 1704 non
557 1629 727 1728 pendere
755 1629 804 1703 ob
831 1629 881 1704 iis
896 1654 980 1728 quce
996 1630 1158 1704 existere

115 1742 269 1816 nondum
285 1743 381 1816 novi.

164 1856 418 1930 Certissimum
433 1869 488 1930 est
501 1856 671 1929 notitiam
689 1855 797 1952 hujus
810 1854 1070 1954 propositionis
1085 1879 1158 1954 ego

114 1968 248 2059 existo,
261 1968 423 2066 pendere
440 1970 487 2044 ab
504 1969 573 2042 hac
587 1993 659 2068 ego
676 1969 812 2068 cogito,
826 1980 868 2042 ut
885 1980 984 2042 recte
1001 1969 1080 2064 ipse
1090 1990 1158 2042 nos

116 2080 254 2155 docuit.
308 2081 381 2155 Sed
397 2082 497 2156 unde
514 2083 621 2156 nobis
638 2094 696 2156 est
719 2083 854 2157 notitia
870 2082 990 2179 hujus,
1009 2106 1080 2179 ego
1097 2106 1158 2155 co-

112 2195 232 2292 gito?
282 2195 390 2268 Certe
408 2220 483 2270 non
501 2196 548 2270 ab
566 2194 637 2269 alio
655 2219 765 2291 quam
782 2196 828 2270 ab
856 2196 940 2284 hoc,
959 2194 1057 2291 quod
1083 2219 1159 2270 non

115 2331 310 2405 possumus
334 2311 527 2406 concipere
553 2322 678 2382 actum
695 2332 949 2406 quemcunque
967 2308 1047 2382 sine
1074 2308 1159 2382 sub·

113 2423 214 2518 jecto
244 2446 324 2510 suo,
347 2422 461 2496 veluti
493 2422 627 2496 saltare
653 2422 730 2495 sine
761 2422 931 2512 saltante,
959 2421 1053 2495 scire
1081 2421 1160 2495 sine

117 2535 268 2625 sciente,
287 2535 451 2631 cogitare
469 2536 546 2608 sine
564 2535 761 2631 cogitante.

167 2649 292 2744 Atque
315 2647 401 2721 hino
420 2647 567 2721 videtur
594 2647 696 2743 sequi
724 2671 802 2720 rem
829 2647 1054 2742 cogitantem
1081 2669 1160 2720 esse

118 2784 337 2858 corporeum
355 2760 455 2857 quid.
508 2760 681 2857 Subjecta
706 2760 803 2832 enim
822 2761 986 2833 omnium
1011 2770 1161 2832 actuum

118 2873 290 2948 videntur
306 2873 462 2970 intelligi
490 2871 718 2947 solummodo
737 2873 803 2945 sub
822 2873 965 2946 ratione
983 2895 1161 2968 corporea

120 2987 195 3061 sive
212 2987 280 3060 sub
299 2987 441 3061 ratione
465 2987 651 3060 materiae:
679 3000 721 3059 ut
740 2985 903 3060 ostendit
928 2997 1015 3084 post
1043 2986 1082 3058 in
1100 3009 1161 3059 ex·

120 3100 241 3196 emplo
258 3124 364 3188 cerae,
384 3124 466 3196 quae
483 3100 634 3174 mutatis
651 3100 787 3191 colore,
805 3099 953 3190 duritie,
970 3100 1100 3196 figura,
1123 3110 1162 3172 et

121 3212 264 3286 caeteris
287 3213 442 3301 actibus,
468 3212 687 3308 intelligitur
712 3223 836 3285 tamen
864 3235 1009 3308 semper
1034 3209 1163 3284 eadem

121 3347 191 3413 ree,
208 3325 281 3398 hoc
300 3336 367 3413 est,
385 3324 514 3399 eadem
528 3325 683 3397 materia
706 3334 763 3398 tot
792 3323 1055 3397 mutationibus
1078 3323 1164 3396 sub·

118 3438 228 3533 jecta.
273 3438 357 3511 Non
375 3449 499 3511 autem
517 3437 702 3533 colligitur
719 3461 778 3510 me
795 3437 957 3533 cogitare
970 3461 1038 3532 per
1053 3436 1163 3510 aliam

122 3550 396 3646 cogitationem.
450 3552 627 3626 Quamvis
653 3551 750 3624 enim
769 3551 900 3647 aliquis
918 3552 1080 3647 cogitare
1096 3576 1162 3647 po-

121 3673 195 3738 test
224 3688 263 3737 se
294 3665 499 3760 cogitasse:
528 3688 610 3760 quae
644 3665 821 3761 cogitatio
855 3664 947 3737 nihil
980 3663 1079 3737 aliud
1108 3675 1165 3738 est

123 3800 234 3872 quam
264 3777 495 3850 meminisse:
522 3788 646 3850 tamen
677 3777 827 3850 omnino
858 3790 915 3850 est
942 3776 1164 3873 impossibile

123 3889 286 3985 cogitare
304 3914 342 3963 se
361 3890 536 3986 cogitare,
555 3891 649 3963 sicut
666 3915 734 3964 nec
762 3890 855 3963 scire
873 3914 911 3964 se
939 3891 1042 3963 scire.
1095 3890 1164 3964 Es-

122 4015 181 4075 set
198 4003 295 4075 enim
313 4002 554 4100 interrogatio
571 4004 725 4094 infinita,
744 4003 838 4076 unde
853 4003 929 4077 scis
954 4013 990 4077 te
1005 4003 1104 4077 scire
1127 4014 1165 4078 te

123 4115 224 4189 seire
240 4126 277 4190 te
293 4115 403 4189 scire.

176 4230 361 4304 Quoniam
387 4253 476 4326 ergo
507 4229 639 4303 notitia
667 4231 776 4326 hujus
805 4230 1064 4327 propositionis
1092 4254 1165 4329 ego

125 4341 256 4429 existo,
272 4341 409 4438 pendet
426 4367 448 4416 a
466 4343 599 4416 notitia
615 4343 723 4439 hujus
741 4366 812 4441 ego
829 4343 954 4443 cogito
965 4371 978 4416 .·
1005 4353 1044 4416 et
1070 4343 1166 4418 noti·

1194 717 1336 822 ,ἐι
