2932 5054
564 444 790 498 remmio.
1198 426 1246 504 97

110 623 247 698 habere
274 624 374 698 inter
406 646 446 697 se
479 622 671 711 rationem,
706 644 774 696 nec
807 622 1013 718 comparari
1048 616 1249 695 seeundum

110 742 358 838 quantitatem
375 739 529 838 possint.
580 739 720 836 Magna
745 740 833 813 item
851 739 1058 812 differentia
1074 748 1131 812 est
1154 738 1252 811 inter

110 857 276 932 radicem
301 859 446 932 numeri
475 856 657 953 quadrati,
681 868 727 929 ‘et
757 857 946 954 quadratae
980 857 1109 952 figurae
1142 855 1253 929 latus.

112 975 233 1048 Radix
250 975 349 1048 enim
366 984 423 1046 est
438 997 623 1066 numerus
643 985 681 1047 et
698 974 754 1047 sui
777 974 947 1070 quadrati
969 997 1053 1070 pars
1070 973 1251 1069 aliquota:

111 1091 177 1165 sed
194 1091 292 1165 latus
308 1091 437 1186 figurae
454 1090 644 1186 quadratae
657 1115 741 1187 pars
754 1102 908 1164 nonest.
953 1091 1150 1163 Innumera
1167 1101 1252 1165 sunt

112 1205 297 1303 quadrata
312 1229 394 1302 quae
410 1207 573 1279 numeris
591 1209 712 1281 efferri
734 1232 809 1281 non
836 1219 1001 1305 possunt,
1020 1208 1083 1304 qui
1109 1207 1254 1281 numeri

111 1322 258 1397 radices
280 1323 399 1396 nullas
420 1324 579 1397 habent:
605 1324 671 1398 sed
694 1325 823 1421 figurae
841 1325 1030 1421 quadratae
1055 1348 1182 1397 omnes
1202 1324 1254 1397 la-

113 1453 197 1513 tera
215 1439 365 1514 habent.
417 1440 529 1516 Quod
546 1440 577 1515 si
595 1441 739 1515 dicatur
755 1443 917 1515 radicem
936 1443 973 1515 in
995 1442 1066 1514 illis
1091 1442 1255 1515 numeris

112 1556 400 1653 non-quadratis
417 1557 505 1630 satis
523 1581 638 1654 prope
656 1558 832 1632 accedere
849 1558 1047 1654 aliquando
1070 1557 1118 1630 ad
1131 1581 1257 1631 veram

113 1672 241 1747 lateris
264 1673 542 1769 longitudinem,
559 1697 704 1771 nempe,
728 1676 759 1749 si
781 1673 879 1747 latus
896 1674 1082 1747 dividatur
1107 1675 1145 1747 in
1172 1696 1257 1770 par·

113 1791 209 1865 tium
221 1812 416 1863 numerum
433 1791 522 1863 satis
539 1814 736 1887 magnum:
763 1813 890 1863 verum
909 1813 984 1862 non
1002 1799 1070 1862 est.
1125 1788 1257 1862 Nullus

115 1909 217 1983 enim
229 1931 405 1981 uumerus
421 1909 579 2004 partium
598 1908 685 1982 satis
703 1932 858 2004 magnus
877 1919 956 1980 est:
987 1907 1074 2003 quia
1101 1906 1258 2003 quadra·

115 2037 199 2101 tum
216 2024 296 2099 dari
316 2037 441 2122 potest
458 2026 558 2099 omni
585 2025 672 2099 data
696 2025 952 2122 magnitudine
978 2025 1107 2120 majus.
1160 2024 1260 2097 Nam

116 2141 218 2240 qnod
235 2140 361 2214 deficit
377 2164 451 2214 uno
469 2141 562 2238 pede
579 2141 619 2215 in
640 2141 754 2215 latere
773 2153 921 2215 eentum
939 2140 1093 2213 millium
1110 2140 1258 2237 pedum,

118 2257 268 2332 deficiet
284 2280 360 2330 una
376 2258 646 2333 semidiametro
664 2272 774 2333 terrae
791 2259 831 2332 in
846 2258 961 2332 latere
979 2257 1136 2332 totidem
1154 2257 1261 2330 semi·

118 2376 386 2450 diametrorum
403 2388 522 2449 terrae.

172 2514 233 2566 rx.
260 2492 520 2588 Multiplicatio
551 2492 718 2567 divisoris
748 2516 814 2589 per
844 2494 1069 2591 quotientem
1098 2491 1261 2566 restituit

119 2610 295 2684 divisum.
348 2609 405 2681 Sit
418 2609 516 2682 enim
533 2609 669 2682 divisus
687 2618 735 2683 20
753 2634 818 2705 per
837 2619 871 2699 5,
890 2622 928 2683 et
945 2611 1113 2707 quotiens
1135 2609 1205 2682 erit
1224 2621 1260 2681 4.

120 2726 197 2801 Sed
215 2737 252 2800 ct
269 2725 511 2821 multiplicato
531 2734 552 2798 5
571 2749 637 2822 per
653 2734 689 2815 4,
708 2725 908 2822 productus
926 2728 997 2799 erit
1014 2750 1140 2799 rursus
1157 2734 1217 2799 20.

172 2867 216 2917 x.
244 2843 347 2916 Idem
364 2843 475 2915 etiam
492 2866 619 2915 verum
637 2844 745 2917 estin
763 2844 923 2916 numeris
937 2843 1082 2916 rosicis.

175 2961 234 3035 Sit
251 2962 349 3035 enim
366 2960 602 3034 dividendum
630 2963 686 3033 4Α
704 2985 771 3058 per
793 2962 867 3034 lA:
895 2975 1037 3034 certum
1060 2972 1115 3034 est
1143 2961 1264 3057 qnoti-

122 3091 247 3154 entem
265 3101 343 3151 esse
363 3077 433 3150 4Α.
483 3079 582 3173 Ergo
600 3079 688 3173 quia
711 3079 860 3166 divisor,
877 3078 1125 3174 multiplicans
1143 3078 1264 3175 quoti-

123 3209 261 3284 entem,
280 3193 402 3268 reddit
419 3195 575 3268 divisum
594 3197 663 3286 4Α,
682 3197 883 3293 productus
910 3219 985 3268 non
1013 3196 1082 3269 erit
1112 3197 1169 3290 (ut
1186 3220 1264 3268 ma-

123 3312 315 3388 thematici
345 3312 449 3384 multi
476 3314 624 3408 putant)
657 3323 678 3385 4
711 3313 890 3410 quadrata
918 3313 964 3383 ab
994 3313 1038 3400 A,
1056 3314 1132 3385 sive
1160 3313 1264 3386 4ΑΑ.

126 3428 304 3503 Similiter
320 3427 360 3500 in
383 3427 583 3516 additione,
601 3429 659 3501 2Α
683 3441 722 3501 et
744 3429 803 3502 2Α
830 3428 970 3502 faciunt
994 3431 1063 3501 4Α.
1116 3429 1266 3502 Additio

126 3557 252 3618 antem
268 3541 423 3616 totidem
441 3543 638 3640 aequalium
656 3545 754 3617 idem
770 3545 860 3618 facit
878 3545 975 3642 quod
997 3546 1266 3642 multiplicatio.

128 3662 254 3735 Quare
273 3659 331 3732 2A
348 3658 591 3755 multiplicata
607 3685 674 3757 per
690 3661 749 3734 2A
765 3661 907 3734 faciunt
931 3674 1076 3734 tantum
1099 3663 1169 3750 4Α,
1193 3685 1269 3734 non

126 3787 149 3850 4
170 3775 353 3872 quadrata
369 3775 417 3848 ab
435 3777 481 3848 A.

180 3915 243 3968 x1.
271 3892 337 3966 Sin
371 3915 440 3987 pro
470 3916 510 3964 re
544 3904 737 3966 numerata
767 3904 927 3989 ponatur
961 3917 1052 3965 unas
1086 3915 1270 3979 numerus,

131 4012 236 4103 (nam
251 4021 296 4083 ut
312 4009 468 4081 aliarum
485 4033 620 4099 rerum,
639 4010 696 4083 ita·
717 4034 953 4083 numerorum
982 4034 1156 4081 numerus
1184 4010 1271 4103 est),

128 4142 172 4202 ut
191 4126 340 4225 quando
356 4126 516 4223 quinque
534 4127 667 4200 binarii
685 4139 722 4200 et
747 4152 841 4201 unus
860 4126 1022 4200 binarius
1039 4126 1273 4222 multiplicati

130 4255 217 4317 sunt
237 4245 337 4317 inter
361 4267 413 4331 se,
436 4243 637 4338 productus
658 4245 739 4333 erit,
758 4268 832 4316 non
858 4243 1021 4339 quinque
1046 4225 1191 4331 binarii,
1210 4242 1274 4314 sed

131 4360 259 4436 decem
276 4358 424 4447 binarii,
442 4358 482 4431 id
505 4372 561 4432 est
578 4359 738 4456 quinque
756 4357 899 4432 numeri
917 4359 1100 4455 quadrati,
1118 4381 1275 4453 quornm

231 4499 327 4552 von.
346 4499 387 4550 v.
1147 4498 1175 4547 n
