2932 5054
590 411 737 463 INDEX.

49 570 165 616 ··esset‚
176 562 230 613 loca
248 562 426 639 exiguavacua
445 571 528 613 essent
545 561 572 612 in
592 577 648 612 aero

50 664 56 673 .
90 627 288 678 innumerabilia.
297 645 328 678 ιν.
340 634 396 679 ³27.

90 692 189 743 suimus
211 693 332 742 burnanus
359 691 477 757 temporis
496 691 568 741 vacui
597 708 646 741 non

90 756 174 806 minus
195 757 327 822 impatiens
348 767 393 816 est,
415 773 489 823 quam
507 756 578 806 vacui
599 757 647 807 loci

52 868 57 879 ,
91 833 187 871 natura.
210 822 225 870 i.
238 838 275 887 ep.
287 822 319 870 ad
330 821 374 870 leo.

54 886 328 951 vitaremus—ejus
347 894 414 936 secta
430 885 559 936 historiam
571 901 645 950 gene·

53 990 58 997 .
90 951 197 1001 rationis
218 951 313 1002 Christi
335 958 411 1000 totam
429 960 603 1000 converterunt
620 949 646 999 in

91 1015 243 1081 allegoriam.
260 1015 297 1065 iii.
309 1015 543 1066 tam-chrisma
564 1017 646 1065 Deum

51 1118 63 1129 .
91 1097 155 1140 ease,
166 1096 302 1145 quaronon
313 1080 478 1130 crediderunt.
489 1079 548 1129 ibid

53 1144 233 1260 vffiffli
249 1145 378 1211 impingat,
389 1152 485 1194 rectum
497 1152 579 1194 umen
588 1160 647 1210 pro·

139 1219 172 1259 ct.
183 1209 199 1259 i.
212 1216 266 1259 281.

53 1273 646 1350 Vntucrras-nisipropterlineamettempus,

90 1355 143 1389 una
159 1339 208 1388 alia
225 1341 310 1404 major,
322 1355 410 1397 mmor,
422 1338 461 1388 vel
477 1338 579 1403 aequalis
597 1337 646 1387 dici

91 1419 143 1453 non
165 1403 282 1469 potasti.
294 1403 431 1454 itm-facit
452 1413 533 1452 motus
551 1402 645 1467 magni·

90 1469 204 1519 tudinem
215 1485 247 1517 ex
262 1479 368 1532 quatuor
378 1475 532 1517 constantem
551 1467 646 1517 dimen-

91 1533 214 1583 sionibus.
225 1532 243 1582 i.
254 1538 293 1583 99.

90 1597 217 1657 velocitas,
228 1596 322 1663 quidi
336 1595 485 1661 loor-poni
502 1603 584 1662 potest
601 1612 647 1662 pro

29 1710 39 1729 ‚
90 1671 163 1712 motu
183 1661 317 1711 secundum
334 1661 513 1725 longitudinem
528 1661 645 1711 absolute.

90 1726 153 1778 ibid
160 1726 337 1784 :-uniformis,
351 1742 413 1791 quse.
424 1727 441 1776 i.
454 1732 496 1776 101
505 1742 574 1776 :-ex
608 1726 646 1774 ni-

56 1832 60 1839 .
92 1800 143 1851 tur,
154 1790 283 1857 quomodo.
293 1790 310 1840 i.
324 1796 368 1841 126
374 1789 530 1840 :-velooitas
541 1807 581 1839 mo
599 1790 647 1849 ilis,

91 1872 139 1922 per
160 1856 288 1921 quodlibet
304 1865 400 1930 tempus
410 1863 558 1920 computata,
567 1865 605 1905 est
620 1856 645 1904 id

92 1920 160 1986 quod
178 1920 207 1970 fit
225 1937 255 1968 ex
274 1920 350 1969 ductu
360 1930 466 1985 impetus
477 1920 503 1968 in
516 1929 618 1985 tempus.
630 1919 646 1969 i.

95 1991 142 2036 184
147 1984 247 2049 :-quid
264 1984 340 2034 totius
351 1994 432 2034 motus
443 1984 597 2034 velocitatem
608 2000 646 2033 ro-

58 2092 65 2103 .
90 2049 260 2127 presentabit,
271 2048 293 2097 si
303 2049 410 2113 impetus
429 2049 519 2114 ubique
533 2049 599 2098 idem
612 2049 646 2098 lit

56 2166 62 2176 ,
91 2130 111 2164 ι.
127 2120 242 2165 laur-et
253 2113 274 2162 si
285 2113 391 2178 impetus
402 2114 509 2178 aquicte
519 2113 648 2178 incipiens,

93 2188 190 2229 crason
208 2177 370 2228 uniformiter.
381 2178 537 2243 ibid.:-qua
553 2178 648 2228 ratione

91 2254 199 2308 augetur
209 2242 294 2308 puncti
306 2243 366 2292 moti
377 2242 501 2302 velocitas,
512 2243 597 2292 eadem
608 2259 647 2292 ra-

92 2308 162 2358 tione
173 2318 294 2372 augentur
304 2307 384 2373 spatia
393 2307 482 2357 iisdem
497 2308 648 2373 temporibus

92 2388 217 2439 percursa
229 2372 246 2422 'a
258 2378 312 2421 210.

53 2438 240 2489 Vasta-sive
250 2436 363 2487 remissio
371 2436 478 2498 offensa,
484 2447 578 2502 estpars
589 2452 647 2486 con·

92 2518 169 2553 cessa
181 2502 208 2552 ii.
222 2505 274 2551 187.

55 2568 235 2618 Versus-es
247 2574 376 2615 ventorum
394 2565 566 2622 inconstantia,
575 2565 647 2615 unde.

93 2632 110 2681 i.
123 2631 284 2681 dem-renti
295 2630 363 2679 nosci
378 2647 426 2679 non
437 2643 542 2696 possunt
552 2630 578 2679 in
594 2630 648 2680 loco

62 2748 68 2759 ‚
93 2696 234 2754 elevatiore,
246 2711 319 2760 quam
341 2694 372 2743 ad
390 2712 463 2760 quem
475 2711 576 2760 vapores
592 2711 647 2761 pos·

94 2771 154 2810 stmt
165 2760 261 2809 elevari.
273 2761 288 2808 i.
297 2766 460 2809 381-2:-eur
470 2761 501 2809 ab
512 2760 606 2809 oriente
617 2759 648 2808 ad

94 2825 256 2878 occidentem.
278 2840 328 2873 non
346 2841 450 2887 magnus
468 2824 511 2873 sed
526 2835 648 2884 constans,

93 2906 173 2956 prope
183 2900 340 2954 aeqttstorem.
350 2889 366 2938 i.
378 2895 425 2938 ³82
432 2898 558 2939 :-rentus
568 2889 600 2938 ab
611 2906 649 2938 as-

94 2970 172 3004 censu
184 2970 308 3019 raporum,
325 2954 387 3002 alter
403 2970 418 3002 a
436 2963 505 3003 motu
524 2964 596 3003 terrae
611 2954 649 3002 di·

95 3034 160 3069 urno
181 3017 208 3067 in
225 3018 336 3083 epioyelo
358 3033 409 3067 suo.
432 3018 649 3068 iaso-tr-venti

95 3083 205 3142 sibilant,
225 3099 307 3147 quare.
319 3082 335 3132 'a
347 3083 560 3140 misr-oriuntur,
577 3084 649 3132 unde.

95 3148 129 3198 ir.
140 3154 319 3197 &br-eorum
330 3147 453 3206 velocitas,
463 3148 536 3197 unde.
547 3148 578 3197 iv.
591 3154 649 3197 sat:

95 3228 175 3262 —cur
185 3213 280 3261 Auster
291 3211 369 3275 magis
379 3229 452 3276 apuam
464 3212 507 3260 alii
518 3213 585 3261 venti
596 3212 649 3278 plu-

96 3277 162 3326 viam
174 3276 260 3325 adfert
271 3276 330 3325 ibid.
337 3277 499 3341 .-·quomodo
520 3277 651 3341 aliquando

96 3352 186 3391 ventus
196 3351 252 3391 ants
264 3341 338 3399 venit,
382 3351 406 3391 st
416 3341 491 3391 adest.
504 3341 563 3391 ibid

96 3405 222 3471 quomodo
251 3405 319 3455 naris
341 3406 473 3470 siquando
495 3407 652 3471 progreditur

97 3471 169 3536 quasi
180 3487 195 3520 a
206 3480 277 3520 rento
292 3487 341 3519 non
360 3470 474 3535 impulsa,
485 3470 528 3519 sed
540 3483 650 3521 attracta

71 3589 76 3601 ‚
97 3536 130 3585 iv.
142 3535 293 3600 &tr-quid
311 3536 407 3584 efficere
426 3545 507 3601 potest
519 3546 606 3585 ventus
625 3537 652 3585 iu

99 3601 154 3650 velo
166 3600 256 3663 ligneo.
268 3600 299 3649 iv.
311 3606 366 3650 sto.

98 3676 187 3714 ventus
195 3664 238 3729 qui
246 3664 338 3714 dieitur
349 3664 448 3714 domum
457 3663 572 3729 implesse
580 3664 605 3712 in
613 3664 653 3712 die

98 3731 266 3787 Pentecostes,
278 3745 327 3778 non
339 3729 515 3789 intelligendus
533 3745 578 3793 pro
599 3729 653 3793 ipso

99 3794 196 3860 Spiritu
218 3797 317 3851 Sancto,
339 3793 382 3841 sed
400 3809 445 3858 pro
461 3792 533 3857 siguo
550 3804 653 3842 externo

98 3858 238 3925 praesentire
247 3858 344 3907 divinae.
355 3857 390 3906 iii.
400 3863 455 3907 291.

67 3921 416 3987 Vnursrnoout-quomodo
437 3937 521 3971 rocem
540 3921 654 3981 formant,

99 3998 126 4038 at
136 3988 226 4038 exilem
238 3987 351 4036 reddunt
362 3986 378 4034 i.
390 3993 445 4035 404.

67 4051 300 4104 Vtransit-libido
318 4050 430 4116 quaedam
448 4051 577 4099 verborum
597 4066 653 4099 oen·

100 4134 155 4168 sum
168 4115 303 4182 peragendi
319 4114 479 4165 Aristotelem
498 4115 570 4179 cepit
583 4115 598 4164 i.
610 4121 653 4164 25:

99 4199 180 4247 -quo
191 4183 240 4230 line
251 4192 364 4246 peractus
375 4191 412 4229 est
426 4180 452 4231 in
471 4179 534 4229 libro
546 4194 582 4229 nn
591 4195 654 4229 cou-

101 4263 179 4297 roas.
190 4245 251 4295 ibid.

101 4311 223 4362 connexio
246 4310 375 4359 verborum
400 4308 474 4358 etiam
503 4308 654 4358 incohauer-

81 4428 84 4433 ,
102 4377 173 4434 tium,
190 4375 269 4425 oratio
288 4385 369 4423 tamen
391 4385 436 4423 est.
447 4373 656 4424 i.27:-oeourrit

102 4441 167 4506 apud
178 4439 311 4504 scriptores
322 4437 505 4514 metaplrysicos
516 4453 565 4487 non
577 4439 655 4488 multo

103 4507 186 4555 minus
198 4520 263 4570 stopa
271 4520 344 4569 quam
356 4515 436 4554 oratio
447 4502 617 4570 significetiva
627 4504 659 4554 ib.

1117 390 1250 462 cxxxix

701 561 784 613 verbis
805 562 900 612 horrent
921 569 946 612 et
966 561 1132 627 illaqueantur
1151 561 1252 629 ingania

698 636 792 686 tenera,
802 627 876 677 fortia
887 636 1042 693 perampunt
1053 626 1069 677 i.
1081 633 1120 677 ³2

697 692 772 743 rerba
792 691 845 743 sinc
864 691 1001 742 intentione
1020 691 1151 757 loquentis,
1171 690 1252 742 futuri

697 757 780 807 omina
789 757 958 807 credebantur.
968 756 994 806 ii.
1007 761 1060 807 127.

696 821 762 872 inter
781 838 808 872 ss
824 821 959 897 pugnantia
974 820 1001 869 in
1017 837 1134 886 praesens,
1145 820 1189 871 sed
1199 837 1250 871 non

697 902 794 951 semper
804 886 872 936 credi
916 885 1020 936 ssunti
1036 892 1087 936 trs.

697 951 830 1017 impeditus
841 967 883 1000 ver
915 967 971 1000 rum
981 950 1057 1010 tricis,
1074 951 1138 1000 sieut
1156 949 1252 1001 avicula

697 1015 823 1073 inritata,
846 1015 905 1081 quid
925 1016 960 1066 fit.
972 1015 1007 1065 iii.
1019 1021 1050 1066 26
1059 1015 1126 1065 .-—in
1148 1015 1249 1065 verbum

696 1080 830 1130 absurdum
841 1088 867 1130 et
876 1080 1045 1145 insignifioans
1063 1095 1114 1129 non
1129 1079 1202 1130 facilc
1211 1080 1250 1129 in·

697 1144 796 1205 ciditur,
813 1145 879 1210 quod
899 1161 947 1194 non
963 1144 1126 1209 compositum
1136 1144 1250 1195 citano·

697 1209 805 1260 minibus
816 1226 872 1275 quta
889 1209 994 1275 intelligi
1006 1226 1021 1258 a
1031 1210 1105 1273 vulgo
1121 1209 1249 1259 hominum

697 1290 747 1323 non
758 1284 867 1341 possum.
878 1274 914 1324 iii
922 1281 954 1323 30
962 1274 1066 1324 :—lusus
1074 1274 1154 1324 omnis
1162 1275 1250 1324 verbo·

696 1355 762 1452 {tlt
774 1339 876 1468 33:333
884 1338 1157 1454 :t'lltli‘ltd
1169 1344 1199 1390 ⁵⁷
1209 1358 1250 1390 ·“

696 1467 812 1533 ignorare
830 1468 891 1533 quid
908 1468 1048 1531 significent
1059 1468 1140 1527 rerba,
1152 1467 1211 1518 facit
1220 1474 1250 1518 ut

699 1533 825 1583 veritatem
845 1540 871 1582 et
892 1532 1031 1593 falsitatem,
1053 1540 1079 1582 et
1094 1533 1169 1583 rerba
1185 1532 1249 1582 nihil

698 1596 869 1659 significantia,
881 1597 912 1646 ab
928 1597 1008 1647 aliena
1025 1614 1149 1647 sumamus
1160 1597 1250 1647 autbo-

696 1663 776 1713 ritatc.
788 1663 823 1711 iii.
835 1668 864 1712 81
876 1661 983 1719 s-item,
994 1671 1021 1712 ut
1038 1678 1087 1711 non
1104 1662 1183 1728 possit
1197 1662 1249 1712 dis·

698 1727 778 1793 tingui
798 1727 864 1777 inter
884 1743 958 1776 unam
978 1726 1098 1776 actionem
1114 1727 1249 1777 multorum

697 1791 831 1851 hominum,
843 1799 869 1841 et
885 1791 968 1856 plures
982 1791 1090 1841 actiones
1101 1791 1174 1841 unius
1185 1792 1250 1841 mul·

698 1856 818 1906 titudinis
830 1856 864 1906 iii.
880 1862 918 1906 82.

697 1921 779 1979 verba,
790 1925 819 1969 do
830 1922 868 1970 vel
879 1924 929 1969 dedi
937 1923 1060 1969 manaa
1071 1938 1129 1980 aas,
1138 1928 1164 1970 et
1174 1919 1250 1970 verba

697 2004 748 2034 eros
759 1989 799 2034 tibi
809 1989 874 2044 dabo,
885 1986 1008 2050 quomodo
1022 1985 1147 2035 differunt.
1157 1984 1185 2034 ii.
1196 1990 1249 2036 trs.

697 2049 733 2099 iii
748 2051 911 2100 lom-verba
922 2051 953 2099 da
966 2050 1099 2115 futurojus
1110 2066 1159 2099 non
1169 2058 1250 2099 tratis·

697 2114 788 2174 ferunt,
794 2115 843 2164 nisi
851 2115 899 2164 alia
907 2114 989 2164 adsint
997 2114 1068 2177 signa
1075 2114 1214 2163 voluntatis.
1222 2113 1250 2165 ii.

700 2183 773 2230 Ill-2
783 2179 848 2230 z—in
868 2179 945 2229 libera
966 2178 1105 2238 donatione,
1120 2178 1201 2228 verbis
1218 2177 1249 2227 de

698 2244 781 2294 futuro
792 2245 835 2309 jus
854 2260 904 2293 non
915 2244 1010 2293 transit
1021 2243 1080 2292 ibid.
1087 2243 1153 2293 r-in
1163 2242 1250 2308 pactis,

699 2309 787 2358 transit
794 2310 837 2374 jus
845 2325 889 2374 per
900 2309 974 2357 verba
985 2309 1016 2358 dc
1027 2307 1152 2357 saturnii.
1168 2313 1220 2359 173.

698 2373 817 2430 homines,
828 2385 881 2422 arte
893 2374 1029 2431 verborum,
1044 2373 1087 2422 alii
1105 2372 1160 2422 aliis
1171 2370 1249 2422 videri

698 2438 791 2486 faciunt
803 2438 893 2486 bonum
905 2438 1003 2497 malum,
1012 2447 1038 2488 et
1048 2438 1138 2487 malurn
1150 2438 1252 2487 bonum.

697 2502 732 2552 iii.
749 2508 800 2552 190.
811 2502 835 2551 ii
848 2508 902 2552 212.

698 2566 796 2643 quando
806 2568 987 2632 consequentiae
998 2568 1128 2617 verborum
1139 2567 1252 2616 volunta·

700 2643 731 2682 tts
743 2632 814 2696 signo
825 2648 874 2680 non
886 2643 950 2681 sunt.
962 2632 996 2680 iii.
1011 2638 1063 2682 171.

718 2713 775 2745 uara
794 2696 907 2745 laesiones
918 2697 998 2745 verbis
1010 2697 1047 2745 vel
1065 2705 1136 2756 gestu
1155 2704 1250 2746 uotum

699 2713 776 2810 doctas
786 2761 950 2824 neglexerunt
965 2761 1032 2826 leges
1048 2763 1216 2811 Romanorum
1226 2768 1252 2811 et

701 2826 854 2876 Grmcorum.
865 2825 900 2875 iii.
912 2831 967 2874 222.

700 2890 885 2956 multiplicando
907 2889 987 2947 verba,
1006 2889 1184 2954 multiplicatur
1200 2903 1252 2937 tnr-

700 2954 815 3019 bignitaa
826 2954 861 3004 iii.
874 2961 922 3004 250
930 2954 1045 3004 :-nimia
1060 2954 1106 3002 inl
1139 2953 1252 3003 everbo-

701 3036 755 3068 rum
766 3019 902 3084 diligentia,
914 3019 974 3083 quid
985 3019 1066 3068 efficit.
1078 3018 1113 3068 ibi
1131 3054 1138 3068 .

701 3085 749 3133 Dei
768 3084 806 3132 vel
826 3084 932 3133 bominis
948 3088 1044 3142 mlum,
1065 3099 1114 3148 quo
1133 3097 1207 3131 sensu
1224 3080 1253 3130 in

702 3148 836 3215 scripturis
852 3149 992 3198 sumendus.
1003 3147 1038 3197 iii.
1051 3146 1209 3198 298:-idem
1224 3161 1252 3195 ac

702 3214 790 3264 Graece
809 3213 894 3278 λόγος.
905 3213 1142 3277 ibid.:-aliquondo
1156 3226 1204 3324 pro
1223 3225 1253 3260 so

701 3282 766 3342 qood,
787 3278 919 3343 aliquando
940 3294 985 3343 pro
1000 3295 1029 3326 eo
1047 3281 1074 3327 de
1089 3295 1139 3340 quo,
1166 3283 1253 3325 ocutus

702 3353 740 3393 est
761 3345 829 3393 Deus
851 3343 888 3392 vel
906 3343 986 3391 bomo.
1007 3342 1065 3391 ibid.
1078 3341 1143 3391 :-iu
1165 3342 1253 3391 Testa·

702 3419 785 3458 mento
807 3409 885 3465 Novo,
906 3423 951 3472 pro
969 3407 1081 3456 doctrina
1103 3405 1252 3457 christiana

703 3474 738 3523 iii.
756 3480 811 3530 298,
831 3471 950 3522 999ι-ίιι
970 3471 1016 3520 hoo
1040 3486 1121 3528 sensu,
1142 3468 1254 3519 consuat

704 3538 854 3602 Scripturam
864 3546 948 3585 totam.
960 3536 994 3585 iii.
1006 3542 1052 3585 299
1063 3534 1128 3586 :-in
1139 3534 1191 3594 illo,
1201 3533 1253 3599 sig·

703 3599 868 3650 nificationenr
887 3601 960 3649 habet
975 3604 1091 3663 proprium
1102 3609 1128 3650 et
1137 3602 1254 3663 tropicon

703 3664 913 3715 iii.300:-etiam
930 3681 975 3729 pro
986 3681 1016 3713 eo
1027 3666 1093 3729 quod
1110 3665 1255 3723 affirmatur,

704 3730 737 3778 im
765 3739 848 3787 ratur,
868 3729 906 3777 vel
922 3730 1080 3794 promittitur.
1098 3729 1157 3779 ibid.
1169 3743 1254 3793 t-pt'o

703 3810 746 3843 ver
763 3794 785 3842 is
807 3794 931 3857 requitatis
951 3794 989 3842 vel
1010 3794 1119 3843 rationis.
1139 3793 1174 3843 iii.
1192 3798 1254 3842 ³01:

703 3874 778 3923 -pro
787 3857 918 3907 dictamine
929 3870 1002 3907 rcotse
1013 3859 1124 3908 rationis.
1134 3857 1194 3908 ibid.

704 3923 778 3972 verba
799 3923 921 3980 effectum,
938 3923 985 3971 nisi
1001 3922 1027 3971 in
1044 3939 1087 3972 eos
1105 3922 1148 3988 qui
1162 3919 1254 3971 intelli·

703 4000 773 4063 guut,
784 3987 876 4036 habent
886 3987 987 4036 nullum.
999 3986 1033 4035 iii.
1045 3993 1091 4038 317
1102 4003 1153 4037 :-n
1187 4003 1218 4035 uc
1228 3985 1254 4034 in

704 4068 771 4117 tpsos
789 4050 956 4115 intelligentes
972 4051 1056 4109 ullum,
1073 4062 1165 4128 proeter
1191 4050 1255 4101 ecla·

703 4116 823 4229 mtiorpep
841 4115 901 4181 quid
919 4115 1029 4181 cogitant
1043 4117 1081 4165 ilh
1095 4117 1138 4182 qui
1149 4117 1256 4181 loquun-

703 4191 771 4230 tur.1
790 4197 798 4229 ι
816 4216 823 4230 .

705 4245 886 4311 Scripturarum
908 4244 1014 4311 legitimi
1035 4244 1178 4311 interpretis
1200 4261 1255 4296 ror·

704 4311 770 4368 bum,
782 4320 819 4358 est
830 4309 930 4359 verbum
944 4311 999 4360 Dei.
1009 4310 1034 4359 ii.
1045 4317 1101 4360 393.

705 4376 804 4424 verbnm
816 4384 856 4432 est,
863 4375 923 4449 quid
934 4374 1009 4424 efficit
1019 4375 1044 4423 in
1055 4375 1258 4426 affirmationibus

706 4448 731 4490 et
751 4438 930 4503 negationibus.
941 4439 978 4488 iii.
990 4445 1036 4491 497
1047 4441 1144 4506 r—quid
1161 4442 1188 4491 iu
1200 4457 1257 4508 pro·

707 4505 836 4570 positione,
847 4506 911 4552 um
928 4513 966 4554 at
982 4504 1018 4554 iii.
1029 4510 1085 4567 497,
1096 4512 1143 4557 tls
1151 4522 1259 4558 t-vocs·
