2932 5054
361 431 559 487 nosnruu
579 430 903 485 anouurnrcuur.
1105 410 1153 479 29

110 624 182 698 que
198 599 270 675 AN
287 600 439 697 aequalis
456 610 514 674 est
529 598 636 672 lateri
654 595 735 674 AB.
786 597 880 672 Dico
894 595 963 670 ΝΟ
980 594 1157 692 aequalem
1197 616 1342 721 Q

110 737 190 789 0880
203 714 374 810 tangenti
392 736 499 788 QI'QUS
516 717 599 798 22ss
1172 748 1207 792 Da
1216 747 1317 801 sinubus,
1323 746 1372 791 rub

159 826 401 901 Describatur
414 851 521 901 arcus
540 824 791 924 quadrantalis
809 821 875 898 ΑΟ
888 846 1017 897 secans
1034 821 1159 917 diago·
1170 813 1290 858 “mm

110 939 232 1014 nalem
250 938 319 1012 DB
337 940 376 1012 in
403 937 453 1012 M.
509 939 631 1012 Duota
661 961 750 1034 ergo
778 936 858 1011 MN
885 937 956 1010 erit
984 934 1160 1034 parallelo

110 1052 220 1127 lateri
238 1050 325 1127 BG:
352 1064 391 1125 et
408 1052 635 1149 producatur
662 1049 742 1124 MN
767 1050 939 1147 utrinque
967 1049 1016 1124 ad
1042 1049 1161 1123 latera

110 1166 192 1254 AB,
206 1163 274 1237 DC
293 1163 381 1237 inL
408 1174 447 1237 et
464 1163 509 1238 0.
560 1164 642 1237 Erit
669 1187 757 1259 ergo
786 1162 855 1238 DO
885 1162 1037 1260 aequalis
1064 1161 1160 1235 sinui

110 1302 220 1354 arcus
237 1276 419 1375 graduum
437 1285 498 1368 45,
516 1276 593 1350 sire
610 1274 888 1372 semidiagonali
904 1275 972 1350 DI.
1006 1276 1160 1349 Seoetur

111 1390 334 1490 quadratum
352 1386 488 1465 ΑΒΟΙ)
506 1414 529 1464 a
545 1388 657 1463 rectis
676 1387 752 1477 EF,
767 1386 839 1465 GH
857 1389 1161 1462 concurrentibus

111 1505 151 1578 iu
170 1505 200 1591 1,
215 1500 489 1600 quadrifariam.
534 1501 603 1575 Est
620 1523 710 1597 ergo
729 1498 798 1576 DO
816 1500 937 1575 media
953 1501 1161 1598 proportio·
1242 1522 1249 1535 ·

113 1616 208 1690 nalis
224 1616 324 1689 inter
346 1615 443 1689 latus
460 1626 580 1688 totum
609 1614 676 1688 DC
700 1626 739 1688 et
761 1615 841 1711 ejus
864 1614 1056 1689 dimidium
1074 1613 1160 1688 DH.

117 1730 243 1805 Quare
255 1739 298 1802 ut
316 1727 383 1802 DC
399 1728 448 1803 ad
464 1728 545 1818 ΒΟ,
559 1728 612 1802 ita
629 1739 685 1802 est
703 1727 772 1802 DO
787 1727 835 1802 ad
853 1727 926 1801 DH
944 1758 953 1812 ;
977 1739 1015 1802 et
1026 1727 1080 1802 ita
1092 1727 1162 1801 dif-

114 1842 274 1918 ferentia
292 1841 359 1916 ΟΟ
377 1841 427 1915 ad
452 1840 698 1915 differentiam
712 1840 797 1916 OH.

166 1956 262 2030 Sunt
279 1967 404 2030 antem
422 1954 497 2047 CO,
512 1954 583 2029 ΝΟ
600 1956 771 2052 aequales,
782 1964 935 2050 propter
951 1952 1105 2050 angulos
1115 1952 1164 2025 ad

118 2069 148 2142 C
167 2081 206 2143 et
220 2068 256 2141 N
276 2068 500 2142 semireotos.
542 2068 668 2143 Quare
685 2067 754 2141 ΝΟ
765 2078 892 2164 potest
909 2066 1059 2164 duplam
1076 2065 1162 2151 00³

117 2181 229 2256 etiam
246 2179 310 2255 00
327 2191 454 2280 potest
471 2179 621 2278 duplam
638 2180 712 2255 OH
729 2209 739 2252 t
764 2205 849 2254 oum
867 2181 966 2254 enim
983 2179 1079 2254 latus
1094 2180 1160 2254 DC

116 2305 241 2391 potest
264 2293 413 2390 duplam
440 2294 520 2384 DO,
547 2306 584 2368 et
606 2303 695 2368 suut
717 2293 794 2385 DC,
807 2294 887 2383 DO,
900 2293 971 2369 OH
989 2295 1164 2368 continue

118 2407 423 2503 proportionales
441 2408 578 2505 poterit
596 2408 658 2482 00
677 2407 827 2505 duplam
845 2406 931 2481 OH.
963 2407 1058 2481 Sunt
1074 2430 1164 2505 ergo

119 2520 231 2594 etiam
257 2520 342 2610 ΗΟ,
354 2520 432 2611 OC,
446 2520 514 2594 ΝΟ
545 2523 719 2595 continue
747 2520 1049 2620 proportionales,
1079 2522 1165 2618 qnia

120 2632 190 2707 ΝΟ
205 2644 328 2728 potest
347 2632 496 2729 duplam
514 2633 589 2708 CO.

170 2745 336 2819 Duoatur
363 2744 503 2820 chorda
521 2747 615 2820 DN:
640 2747 764 2844 itaque
792 2746 948 2844 angulus
965 2747 1070 2821 ODN
1094 2747 1165 2821 erit

120 2858 278 2956 angulus
303 2858 484 2954 graduum
504 2860 587 2942 223.
640 2859 750 2933 secet
778 2873 904 2933 autem
929 2862 1068 2935 chorda
1092 2860 1164 2934 DN

122 2983 261 3046 rectam
279 2972 350 3044 CH
368 2972 407 3045 iu
426 2971 471 3062 R,
483 2983 521 3046 et
533 2973 604 3045 erit
622 2972 696 3046 HR
709 2972 862 3069 aequalis
877 2974 961 3047 ΗΟ.

174 3084 358 3161 Quoniam
381 3107 470 3181 ergo
488 3085 574 3174 RH,
586 3085 669 3174 ΝΟ,
683 3086 752 3160 ΝΟ
769 3096 856 3160 sunt
882 3086 1057 3160 continue
1080 3108 1166 3181 pro-

123 3197 346 3295 portionales
362 3197 400 3270 in
418 3197 561 3271 rationo
587 3199 712 3273 lateris
730 3199 796 3273 Ι)Ο
812 3199 859 3273 ad
883 3199 964 3287 DO,
985 3198 1168 3295 producta

123 3311 264 3384 chorda
282 3310 354 3384 DN
371 3309 417 3383 ad
437 3310 533 3386 latus
547 3312 612 3386 Dc
630 3313 668 3385 iu
686 3314 715 3386 P
731 3313 922 3387 abscindet
944 3323 1087 3410 partem
1105 3313 1167 3385 ΟΡ

125 3424 300 3522 aequalem
323 3437 436 3498 reetae
466 3424 545 3516 ΝΟ,
563 3425 602 3500 id
620 3439 686 3516 est,
704 3428 869 3501 excessui
886 3427 1090 3524 diagonalis
1107 3450 1168 3500 su-

125 3562 193 3636 pra
225 3538 334 3612 latus.
401 3537 527 3613 Quare
556 3551 711 3637 tangens
740 3565 847 3615 arcus
880 3541 1063 3639 graduum
1097 3550 1166 3634 223

125 3650 272 3747 aeqnalis
289 3661 347 3725 est
363 3651 539 3741 excessui,
556 3665 627 3726 eto.
680 3655 791 3730 Quod
810 3665 889 3729 erat
916 3655 1170 3728 demonstran-

127 3761 321 3937 dugoroll.
348 3864 522 3961 Sequitur
538 3867 625 3940 hine
642 3878 782 3940 rectam
803 3867 866 3941 BP
885 3867 1063 3965 aequalem
1091 3892 1170 3943 esse

128 3975 249 4073 duplae
273 3976 349 4051 CO.
401 3978 499 4051 Nam
526 3979 557 4052 si
585 3993 713 4055 centro
733 3980 777 4069 C,
796 3980 989 4055 intervallo
1007 3982 1083 4072 CD,
1102 3983 1170 4056 du-

129 4102 234 4163 catur
251 4113 359 4163 arcus
376 4113 503 4165 secans
522 4090 588 4167 CA
605 4093 643 4166 in
660 4118 698 4182 a,
721 4093 793 4167 erit
817 4093 879 4165 aN
903 4093 1015 4191 dupla
1040 4095 1108 4184 IN,
1132 4105 1171 4168 et

129 4202 190 4275 Aa
207 4201 357 4298 aequalis
374 4202 442 4276 ΝΟ
457 4231 466 4275 :
494 4227 576 4277 oum
597 4228 684 4301 ergo
698 4205 755 4278 aC
775 4215 812 4279 et
829 4202 892 4280 ΒΟ
909 4206 984 4279 sint
999 4207 1169 4304 aequales

128 4315 200 4387 erit
218 4337 364 4411 quoque
381 4314 454 4405 aN‚
472 4315 581 4392 idest
598 4317 710 4414 dupla
727 4317 805 4406 CO,
823 4318 971 4414 aequoiis
989 4319 1060 4394 BP.
