2932 5054
464 411 911 484 raacrrrusonrrcus.
1132 397 1201 465 221

163 582 229 655 sed
251 582 340 655 foris
362 592 450 655 ante
474 581 611 655 oculos.
665 580 812 654 Motum
835 604 923 677 ergo
940 603 963 654 a
979 577 1104 653 lucido
1132 603 1208 653 non
1248 606 1332 648 raon.
1347 605 1393 647 m.

163 718 337 768 vocamus
353 694 489 784 lumen,
503 706 701 789 antequam
716 704 816 767 retro
831 692 1015 766 acerebro
1029 714 1095 789 per
1107 715 1209 764 reac·
1248 675 1391 711 ’ᾖ

164 809 303 881 tionem
327 818 553 903 propagetur
573 829 640 903 per
666 829 820 879 nervum
843 806 1007 902 opticum
1026 816 1063 878 et
1082 805 1209 878 oculos

164 920 213 994 ad
230 920 389 993 medium
407 920 505 992 inter
521 918 667 991 oculum
685 930 722 992 et
739 918 913 993 lucidum.
958 919 1100 992 Lumen
1119 941 1209 1013 ergo

165 1046 222 1107 cst
239 1032 421 1130 apparitio
439 1044 526 1105 ante
543 1031 669 1105 oculos
687 1043 810 1105 motus
834 1030 931 1105 illius
950 1031 1014 1128 qui
1031 1055 1212 1128 propaga·

164 1159 226 1221 tur
243 1171 266 1218 a
283 1144 393 1218 lucidi
412 1143 572 1217 diastole
589 1145 664 1218 sive
682 1145 926 1218 tumescentia
941 1144 990 1218 ad
1006 1144 1210 1233 cerebrum,

164 1275 203 1333 et
220 1258 307 1332 inde
324 1272 424 1332 retro
438 1281 505 1354 per
522 1258 648 1331 oculos
673 1256 721 1330 ad
739 1255 914 1330 medium.
964 1258 1032 1331 Est
1049 1281 1138 1353 ergo
1155 1257 1212 1330 lu·

165 1396 250 1446 men
266 1370 380 1445 lucidi
397 1371 628 1467 phantasma,
642 1370 718 1443 sive
731 1369 854 1465 imago
867 1382 1049 1466 concepta
1060 1370 1100 1443 in
1112 1392 1212 1444 cere·

164 1486 245 1560 bro.
310 1483 560 1557 Confirmatur
593 1495 717 1556 antem
749 1481 863 1555 etiam
892 1482 1131 1579 experientia,
1165 1508 1211 1558 eo

167 1597 268 1696 quod
280 1598 318 1670 in
338 1597 438 1670 omni
456 1595 697 1670 concussione
714 1595 854 1669 cerebri
870 1619 942 1691 quo
954 1596 999 1668 fit
1011 1606 1133 1670 motus
1145 1596 1213 1670 ali-

165 1711 246 1808 quis
256 1734 323 1808 per
336 1733 491 1783 nervum
505 1710 669 1806 opticum
681 1721 899 1796 extrorsum,
910 1722 953 1783 ut
967 1708 1114 1805 quando
1125 1734 1213 1785 ocu-

165 1824 223 1897 lus
233 1824 448 1921 percutitur,
463 1836 616 1920 apparet
628 1822 753 1896 lumen
771 1821 957 1920 quoddam
973 1836 1061 1897 ante
1074 1824 1210 1898 oculos.

165 1939 222 2010 Ex
238 1937 297 2011 his
313 1961 396 2034 quae
414 1937 514 2010 dicta
531 1949 618 2010 sunt
634 1936 812 2011 faciemus
828 1937 939 2010 breve
962 1937 1212 2012 corollarium.

559 2112 822 2188 Corollarium.

217 2240 358 2313 Lumen
382 2252 439 2313 est
455 2240 675 2336 phantasma
696 2262 720 2312 a
745 2238 879 2312 lucido.
932 2240 1034 2314 Idem
1053 2241 1212 2317 sentien-

169 2353 258 2426 dum
276 2353 322 2426 de
339 2353 535 2440 coloribus
554 2352 617 2447 qui
634 2362 723 2425 sunt
739 2351 862 2425 lumen
874 2353 1150 2449 perturbatum.

219 2467 360 2540 Lumen
383 2477 611 2562 propagatur
637 2463 686 2538 ad
706 2466 910 2561 quamlibet
935 2466 1147 2542 distantiam
1173 2470 1213 2542 in

168 2581 343 2653 instante.

218 2694 360 2766 Lumen
379 2716 451 2788 quo
468 2692 626 2789 longius,
644 2715 689 2765 eo
708 2691 864 2765 debilius
881 2706 1118 2790 propagatur.

590 2855 789 2929 llonitum.

218 2979 424 3054 Difficultas
450 2979 611 3053 maxima
636 2979 675 3052 in
702 2979 839 3053 lumine
865 2979 1106 3076 concipiendo
1135 2993 1212 3054 tam

167 3107 463 3189 veterum,quam
473 3091 743 3165 neotericorum
755 3091 1055 3187 philosophorum
1065 3093 1214 3189 ingenia

168 3206 289 3294 torsit,
308 3206 440 3302 quibus
465 3228 573 3302 spero
597 3204 824 3278 satisfactum
847 3205 905 3294 iri,
924 3205 955 3279 si
978 3204 1214 3279 considerent

168 3321 230 3393 vix
253 3343 297 3392 ac
319 3342 367 3391 ne
393 3318 453 3391 vix
476 3316 625 3414 quidem
647 3341 670 3390 a
695 3317 801 3391 nohis
830 3318 940 3406 clare,
967 3315 1213 3414 distincteque

169 3431 314 3528 concipi
340 3430 528 3527 quidpiam
557 3430 629 3502 nisi
653 3441 787 3517 motus,
814 3440 879 3502 aut
903 3430 1104 3526 figurarum
1130 3455 1212 3528 ope.

172 3542 273 3618 Quas
290 3544 320 3616 si
338 3543 420 3640 quis
437 3542 633 3637 diligenter
649 3539 865 3638 perpendat,
883 3553 920 3615 et
947 3554 1089 3615 motum
1112 3566 1213 3615 oom-

169 3656 371 3753 positiones
387 3655 582 3752 intelligat,
596 3654 648 3727 nil
665 3654 704 3727 in
722 3666 802 3727 tota
813 3654 1045 3751 philosophia
1056 3653 1212 3746 facilius,

170 3769 223 3842 nil
239 3769 287 3843 ad
305 3769 655 3843 demonstrationem
679 3766 1002 3857 accommodatius,
1027 3780 1065 3841 et
1094 3766 1214 3842 homi-

170 3907 259 3957 num
276 3882 425 3979 ingenio
442 3881 706 3977 congruentius
719 3904 797 3954 esse
813 3879 999 3954 fatebitur.

538 4070 718 4165 Definitio
735 4070 847 4144 radii.

222 4198 383 4272 Rodium
400 4196 555 4293 appello,
574 4197 670 4270 viam
688 4220 881 4293 perquam
904 4208 1025 4266 motus
1046 4219 1069 4266 a
1089 4192 1212 4266 lucido

171 4335 237 4406 per
254 4313 415 4386 medium
430 4324 665 4407 propagatur.
720 4309 885 4405 Exempli
899 4309 1039 4403 gratia:
1059 4308 1107 4382 sit
1123 4307 1214 4382 luci-
