2932 5054
323 417 379 470 an
398 417 589 470 canrnsrr
609 416 939 471 unnrra‘rrouus.
1074 403 1149 471 269

110 597 203 678 tum,
219 610 340 683 neque
367 610 459 683 opus
484 610 563 660 esse
585 585 760 660 facultate
782 587 903 684 aliqua
925 585 1083 681 positiva
1103 584 1151 659 ad
1184 608 1332 652 omecno

111 700 380 798 ignorandum:
406 699 470 773 sed
496 700 542 773 de
567 723 690 773 errore
715 724 791 773 non
813 713 870 772 est
891 700 946 773 ita
962 722 1021 772 res
1038 698 1151 772 maniss
1188 691 1334 796 „PL

110 813 215 888 festa.
265 813 446 887 Videntur
471 813 569 886 enim
593 813 731 910 lapides
749 825 787 887 et
806 812 1007 887 inanimata
1027 836 1151 886 errare

111 950 187 1000 non
211 949 328 1023 posse,
351 935 503 1022 propter
524 925 596 998 hoc
620 925 750 1014 solum,
768 924 866 1021 quod
892 949 967 998 non
990 925 1152 999 habeant

110 1040 325 1114 facultatem
353 1039 609 1124 ratiocinandi,
633 1061 752 1135 neque
773 1037 1010 1135 imaginandi.
1062 1038 1152 1111 Pro-

112 1154 198 1228 inde
215 1176 373 1250 pronum
390 1163 447 1225 est
465 1151 650 1248 colligere,
668 1149 767 1247 quod
784 1149 832 1224 ad
845 1151 1041 1224 errandum
1059 1174 1151 1248 opus

111 1268 160 1342 sit
183 1267 360 1341 facultate
385 1264 643 1353 ratiocinandi,
661 1264 720 1337 vel
745 1264 875 1337 saltem
901 1262 1150 1360 imaginandi:

112 1403 194 1476 quae
205 1377 399 1453 facultates
413 1388 497 1452 sunt
510 1379 628 1451 ambae
641 1376 808 1474 positivae
820 1377 968 1451 tributae
980 1377 1150 1451 omnibus

112 1505 151 1567 et
168 1492 255 1566 solis
273 1490 493 1565 errantibus.

161 1605 344 1679 Praeterea
370 1604 417 1677 D.
434 1604 477 1677 C.
497 1602 587 1677 dicit
610 1602 679 1676 sic:
707 1601 860 1675 aduerte
887 1599 985 1687 illoc,
1013 1600 1153 1676 scilicet

112 1740 213 1792 meos
227 1739 382 1806 errores,
397 1740 421 1788 α
437 1714 582 1790 duabus
592 1713 716 1788 caucia
728 1714 841 1787 simut
855 1711 1152 1786 concurrentibus

112 1829 331 1929 dependere,
348 1853 479 1926 nempe
496 1853 521 1901 a
525 1824 725 1925 facultate
747 1825 994 1926 cognoscendi
1016 1851 1097 1924 quae
1113 1825 1153 1898 iu

113 1967 169 2016 me
190 1952 261 2032 eat,
291 1951 330 2014 et
359 1966 384 2013 a
395 1939 595 2038 facultate
620 1938 794 2038 eligendi,
820 1939 896 2013 aim
921 1939 970 2012 ab
1001 1937 1154 2012 arbitrii

113 2053 303 2127 libertate.
348 2051 459 2127 Quod
472 2050 619 2125 videtur
635 2051 928 2148 praecedentibus
945 2051 1153 2125 contradic-

112 2167 261 2240 torium.
312 2166 386 2239 Ubi
404 2164 609 2239 notandum
623 2188 769 2261 quoque
786 2164 927 2239 arbitrii
943 2165 1153 2239 libertatem

113 2278 250 2353 assumi
267 2279 345 2353 sine
361 2278 589 2375 probatione,
603 2291 735 2352 contra
751 2277 961 2374 opinionem
975 2277 1153 2352 Calvinis-

113 2403 247 2466 tarum.

511 2586 759 2638 RESPONSIO.

164 2717 243 2790 Etsi
261 2715 309 2789 ad
322 2715 519 2789 errandum
537 2740 629 2812 opus
647 2717 693 2789 sit
709 2716 884 2790 facultate
898 2717 1153 2806 ratiocinandi,

114 2830 174 2904 vel
187 2830 308 2927 potius
317 2829 520 2927 judicandi,
528 2831 602 2903 sive
616 2828 820 2903 affirmandi
834 2842 870 2902 et
883 2831 1053 2927 negandi,
1068 2831 1155 2927 quia

115 2968 247 3041 nempe
271 2957 326 3017 est
351 2944 429 3040 ejus
456 2942 646 3017 defectus:
671 2967 746 3016 non
766 2942 850 3016 ideo
873 2945 1038 3038 sequitur
1054 2943 1153 3017 huuc

116 3057 300 3131 defectum
331 3079 411 3129 esse
440 3056 587 3145 realem,
618 3066 662 3128 ut
691 3078 809 3151 neque
839 3055 1043 3129 oaecitatem
1074 3079 1154 3129 esse

116 3170 263 3254 realem,
281 3167 445 3266 quamvis
461 3166 600 3265 lapides
617 3191 693 3240 non
711 3166 879 3240 dicantur
897 3169 985 3242 caeci
1002 3181 1154 3265 propter

115 3282 186 3356 hoc
203 3282 333 3370 solum,
352 3280 452 3378 quod
470 3304 543 3354 non
561 3281 635 3353 sint
651 3280 749 3352 visus
767 3302 928 3374 capaces.
962 3280 1152 3378 Mirorque

115 3418 174 3468 me
191 3394 330 3469 nullam
348 3395 525 3468 hactenus
541 3405 678 3467 rectam
696 3392 898 3466 illationem
911 3392 950 3465 in
963 3392 1020 3466 his
1032 3395 1152 3490 objec-

118 3508 280 3582 tionibus
305 3507 498 3581 invenisse.
550 3505 652 3579 Nihil
679 3517 803 3578 autem
828 3505 874 3578 de
899 3506 1067 3580 libertate
1092 3506 1153 3581 hic

115 3620 294 3718 assumpsi
311 3618 382 3693 nisi
399 3618 498 3716 quod
516 3642 642 3692 omnes
659 3618 866 3714 experimur
888 3618 927 3691 in
945 3620 1061 3710 nobis,
1080 3632 1154 3694 est-

115 3758 186 3830 que
199 3732 336 3807 lumine
349 3732 507 3805 naturali
517 3731 765 3804 notissimum:
783 3754 852 3803 nec
864 3730 1030 3827 intelligo
1045 3756 1154 3828 quam

117 3847 164 3919 ob
198 3870 346 3920 causam
382 3844 671 3942 praecedentibus
710 3844 1034 3918 contradictorium
1074 3858 1155 3919 css'e

117 3960 273 4033 dicatur.

165 4071 245 4145 Etsi
258 4095 345 4144 vero
364 4071 459 4144 forte
472 4069 579 4143 multi
592 4069 663 4143 sint
682 4070 757 4166 qui,
772 4092 854 4141 cum
869 4068 916 4142 ad
933 4070 1154 4165 praeordina·

116 4185 254 4258 tionem
264 4183 334 4257 Dei
348 4183 561 4278 respiciunt,
576 4205 707 4279 capere
717 4205 790 4255 non
805 4194 959 4276 possunt
969 4181 1154 4279 quomodo

116 4322 200 4371 cum
229 4298 310 4393 ipsa
339 4296 516 4371 consistat
546 4306 671 4369 nostra
697 4295 859 4384 libertas,
883 4319 990 4370 nemo
1017 4306 1153 4384 tamen,
