2932 5054
365 432 564 489 uosnruu
584 433 906 490 cnounrmcuu.
1107 421 1151 490 21

109 601 272 699 aequales
286 601 358 675 DN
371 611 409 675 et
428 601 507 692 NL,
523 612 560 676 et
576 612 733 699 utraque
746 626 873 677 earum
884 601 1034 698 aequalis
1046 602 1155 676 semi·
1189 631 1273 677 enoc.
1288 630 1343 674 vn.

110 715 300 813 diagonali
318 717 388 790 DI:
407 729 447 788 et
463 716 531 789 NL
547 717 618 790 erit
635 716 751 791 divisa
766 716 936 791 bifariam
953 717 992 790 in
1008 741 1043 789 e.
1167 699 1370 820 fflffiffi„

160 830 351 904 Quoniam
368 852 469 925 ergo,
487 853 554 926 per
573 828 756 903 Scholiam
777 829 1040 926 propositionis
1062 851 1156 926 prae-
1167 840 1233 873 “⁰¹¹⁸
1240 827 1324 875 Μ

111 943 293 1033 cedentis,
306 943 376 1032 Dr,
387 942 471 1029 DN,
485 942 555 1016 DR
568 954 654 1017 sunt
666 943 839 1017 continue
849 942 1156 1041 proportionales,

110 1055 266 1130 siradio
285 1056 343 1129 Dz
360 1055 565 1152 descriptus
583 1054 631 1128 sit
648 1079 753 1129 arcus
770 1056 825 1152 zf,
843 1054 982 1129 secabit
998 1053 1059 1127 ille
1076 1077 1157 1128 rec-

109 1181 189 1242 tem
207 1168 277 1241 NL
293 1168 332 1241 iu
348 1193 387 1241 e:
414 1167 505 1240 item
531 1167 563 1241 si
589 1167 692 1242 rodio
709 1167 782 1241 DN
805 1167 1033 1241 describatur
1050 1189 1157 1241 arcus

110 1282 242 1357 circuli
259 1282 328 1370 NI,
346 1281 486 1354 secabit
503 1280 565 1353 ille
582 1292 721 1354 rectam
740 1280 797 1354 Rr
813 1281 852 1354 in
869 1281 906 1354 d.

161 1393 402 1468 Describatur
414 1395 493 1490 jam
511 1416 618 1468 arcus
631 1393 880 1490 quadrantalis
899 1392 1001 1479 ΝΙΟ,
1019 1390 1095 1488 qui,
1112 1401 1156 1462 ut

112 1519 302 1581 ostensum
320 1517 388 1596 est,
405 1506 538 1579 transit
553 1529 620 1602 per
637 1507 674 1580 d.
712 1504 895 1597 Quoniam
911 1528 999 1602 ergo
1012 1504 1083 1577 DR
1099 1513 1157 1576 est

112 1619 238 1694 rudius
258 1619 387 1693 circuli
412 1621 517 1716 cujus
542 1628 674 1716 quarta
690 1642 776 1715 pars
799 1617 988 1714 perimetri
1004 1615 1155 1710 aequalis

112 1747 170 1808 cst
185 1732 293 1808 lateri
311 1730 389 1822 Du,
408 1733 479 1806 erit
495 1743 598 1806 recta
615 1731 681 1805 Dd
699 1731 779 1805 sive
797 1730 868 1805 DN
887 1730 1010 1803 radius
1028 1728 1156 1803 circuli

111 1846 217 1942 cujus
236 1857 370 1942 quarta
391 1867 477 1940 pars
497 1844 687 1940 perimetri
709 1853 767 1917 est
783 1842 932 1942 aequalis
948 1852 1061 1916 rectae
1078 1839 1153 1913 DF.

112 1958 189 2033 Sed
211 1969 313 2032 recta
334 1955 408 2031 DN
432 1968 489 2031 est
512 1957 637 2031 radius
655 1956 783 2031 circuli
800 1957 905 2053 cujus
922 1965 1054 2051 quarta
1069 1975 1155 2050 pars

112 2071 303 2171 perimetri
321 2080 377 2144 est
393 2070 472 2167 ipse
489 2094 596 2144 arcus
613 2071 649 2144 N
651 2070 715 2144 10.

163 2185 260 2258 Sunt
273 2207 363 2279 ergo
375 2194 478 2256 recta
490 2184 555 2257 DF
567 2194 606 2257 et
615 2206 722 2258 arcus
734 2184 823 2258 NIO
837 2180 1010 2281 aequales.
1035 2180 1158 2256 Arcus

111 2308 239 2371 autem
257 2297 348 2371 NIO
368 2307 424 2370 est
440 2294 582 2369 medius
605 2297 890 2394 proportionalis
909 2297 1008 2370 inter
1029 2318 1157 2369 arcum

111 2410 179 2484 Ac
196 2421 234 2484 et
252 2411 331 2506 ejus
348 2410 547 2500 semissem,
564 2432 654 2507 ergo
675 2410 785 2483 etiam
804 2424 907 2484 recta
925 2407 991 2483 DF
1008 2418 1065 2482 est
1081 2432 1156 2481 me·

112 2523 176 2599 dia
191 2521 474 2620 proportionalis
491 2534 563 2595 etc.
599 2522 711 2598 Quod
723 2534 801 2596 erat
815 2521 1154 2596 demonstrandum.

166 2635 307 2709 Coroll.
335 2636 374 2709 si
392 2659 414 2708 a
431 2646 569 2731 puncto
586 2662 609 2708 z
627 2636 784 2709 ducatur
800 2650 904 2711 recta
920 2661 965 2708 zc
981 2634 1156 2732 parallelo

112 2749 220 2822 lateri
232 2748 306 2838 BC,
319 2772 448 2821 secans
459 2748 688 2845 diagonalem
700 2751 765 2824 DB
776 2751 815 2824 in
829 2777 867 2824 c:
883 2751 954 2824 erit
968 2749 1024 2823 Dc
1034 2773 1156 2846 aequu-

111 2861 157 2935 lis
175 2862 252 2935 DF.
302 2862 383 2936 Erit
400 2862 499 2935 enim
525 2863 579 2935 Dc
604 2863 726 2937 media
749 2863 1033 2961 proportionalis
1059 2862 1157 2935 inter

113 2975 264 3072 duplam
293 2987 332 3048 et
361 2975 529 3073 simplem
559 2977 628 3050 Dz.
681 2978 749 3051 Est
772 2990 896 3051 nutem
920 2976 979 3050 Dz
1005 2987 1155 3050 ostensa

112 3089 264 3187 aequalis
283 3088 434 3163 dimidio
453 3088 555 3162 arcui
572 3089 652 3163 AC.

166 3202 332 3276 Consect.
352 3203 377 3276 i.
404 3204 522 3276 Arcus
539 3202 617 3293 AC,
635 3203 673 3277 id
692 3214 749 3277 est
766 3213 867 3277 recta
881 3200 947 3291 Bb,
962 3214 1018 3275 est
1035 3201 1158 3276 media

57 3326 66 3338 ‘
110 3315 398 3412 proportionalis
415 3316 514 3389 inter
532 3315 629 3389 latus
656 3315 722 3392 DC
739 3329 777 3390 et
795 3316 1025 3414 quintuplum
1048 3316 1156 3389 semi·

111 3427 239 3502 lateris
267 3428 339 3501 BF.
401 3427 495 3500 Cum
523 3428 622 3501 enim
651 3428 733 3501 duae
760 3429 899 3525 quiutae
927 3428 1052 3501 lateris
1078 3428 1156 3518 DC,

112 3552 217 3613 recta
233 3540 313 3632 DR,
333 3540 496 3638 quinque
511 3541 651 3636 quintae
663 3541 788 3615 lateris
803 3539 881 3632 DC,
895 3542 968 3615 siut
982 3542 1156 3615 continue

112 3653 425 3749 proportionales:
444 3653 474 3726 si
488 3653 681 3750 proportio
695 3653 942 3741 continuetur,
956 3666 1064 3726 erunt
1075 3653 1156 3742 DR,

112 3765 192 3855 DC,
205 3778 244 3839 et
256 3765 380 3838 media
391 3766 677 3862 proportionalis
687 3766 785 3839 inter
799 3764 864 3840 DC
878 3778 915 3840 et
925 3765 1156 3863 quintuplum

113 3878 333 3951 semilateris
360 3878 436 3963 BF,
466 3880 640 3953 continue
666 3879 973 3976 proportionales.
1026 3880 1155 3977 Itaque

114 3991 169 4064 Bb
186 3991 338 4087 aequalis
355 4002 413 4063 est
430 4005 543 4065 rectae
555 4015 637 4088 quae
649 4004 772 4088 potest
790 3991 918 4064 decem
936 3992 1156 4082 semilatera.

114 4102 222 4177 Unde
240 4103 351 4176 etiarn
370 4103 533 4200 sequitur
553 4126 680 4176 arcum
698 4103 977 4201 quadrantalem
995 4104 1156 4201 descrip-

111 4229 191 4291 tum
214 4216 262 4290 ab
283 4239 374 4288 arcu
391 4215 456 4287 AC
484 4227 639 4291 extenso
660 4217 699 4291 in
720 4216 992 4308 rectitudinem,
1010 4219 1156 4316 quintu·

110 4332 213 4429 plum
232 4353 313 4404 esse
331 4328 558 4404 semilateris.
