2932 5054
503 436 837 492 Eccnnsrnsrch.

151 595 266 681 thue
281 598 373 664 111001
388 600 473 667 circa
482 604 617 688 juvenes
631 605 752 669 duxere
766 603 905 678 choreas,

194 695 307 782 Aptus
322 698 371 764 vir
385 699 487 778 bellis,
498 713 574 788 apta
587 703 694 789 puelia
707 702 809 768 viris?

151 793 252 860 Hunc
266 795 386 862 festum
400 811 513 885 gentes
528 800 604 866 olim
619 802 777 888 Priapeia
791 803 958 878 vocabant,

194 895 352 980 Optatum
367 899 474 983 pueris
489 900 730 985 virginibusque
744 900 839 966 diem.

151 993 306 1060 Nondum
322 996 440 1063 defecit
455 1008 547 1065 vetus
561 999 771 1065 Ambarvalia
785 1000 905 1065 festus:

194 1092 321 1173 Festus,
336 1107 371 1161 at
385 1096 551 1174 innocuus,
567 1111 732 1183 permanet
745 1099 799 1164 ille
813 1099 891 1165 dies.
1110 1098 1192 1160 1350

150 1191 197 1256 Et
211 1215 306 1276 quem
322 1194 452 1271 rurales,
469 1195 559 1260 finita
574 1219 684 1272 messe,
699 1197 804 1262 coloni

195 1290 280 1358 Cum
295 1292 423 1359 Baccho
439 1295 562 1360 Cereris
577 1296 796 1362 concelebrare
811 1295 924 1372 solent,

151 1387 364 1475 Temporibus
379 1393 490 1479 priscis
505 1403 581 1458 sunt
595 1393 813 1458 Bacchanalia
828 1393 923 1471 dieta,

198 1486 283 1555 Cum
299 1489 365 1555 vini
381 1491 522 1557 colerent
537 1491 691 1558 ebrietate
706 1480 838 1559 Deum‘.

153 1584 263 1651 Multa
277 1587 380 1652 tulere
394 1600 501 1674 patres
514 1589 580 1676 legi
594 1589 753 1654 contrarie
768 1589 896 1666 Christi,

197 1685 286 1750 Dum
301 1687 454 1772 populum
470 1699 642 1774 properant
656 1687 823 1754 conciliare
837 1688 907 1753 sibi.

153 1783 225 1850 Nee
240 1785 285 1850 sie
300 1786 438 1850 venisset
453 1788 585 1852 fortasse
601 1786 763 1873 proselyta
776 1787 907 1864 multus,

198 1884 233 1951 Si
248 1908 313 1950 non
329 1909 348 1949 a
362 1885 465 1950 causis
479 1886 625 1971 pluribus
639 1899 730 1952 actus
745 1898 823 1951 erat.

153 1984 235 2050 Vita
251 1983 458 2051 Sacerdotem
476 1984 599 2051 eunetis
615 1986 723 2051 odiosa
737 1997 825 2052 erat:
848 1986 912 2050 illis

195 2083 323 2170 Ingenii
338 2095 396 2149 aut
410 2107 534 2150 morum
549 2085 653 2171 gratia
672 2085 762 2150 nulla
775 2085 850 2150 fuit.
1112 2084 1197 2145 1360

153 2181 239 2247 Nam
255 2183 342 2248 tristi
356 2183 515 2268 gravitate
530 2186 686 2269 superbus
701 2183 868 2270 hypocrita
882 2207 978 2269 quern
994 2205 1058 2247 non

198 2281 352 2358 Offendit,
369 2305 566 2367 quamquam
581 2294 697 2348 caetera
710 2283 823 2349 doetus
838 2283 955 2349 hemo?

154 2379 221 2463 Qui
236 2383 350 2467 spretis
365 2381 436 2446 aliis
450 2382 574 2467 sapiens
590 2382 660 2448 vult
675 2383 760 2447 solus
775 2383 884 2449 haberi

195 2478 242 2545 Et
255 2480 328 2558 dici,
344 2480 492 2566 quamvis
506 2480 553 2546 nil
567 2481 647 2547 sciat
661 2481 715 2546 1110
729 2481 825 2558 boni;

152 2577 178 2643 J
180 2590 251 2643 usta
265 2579 325 2645 tibi
340 2580 419 2645 solvi
435 2581 493 2665 qui
507 2580 650 2666 postulat
664 2580 779 2656 omnia,
795 2603 919 2645 summo

198 2676 318 2762 Adque
332 2679 444 2743 datum
459 2691 615 2764 punctum
625 2680 699 2763 jure
714 2679 927 2765 geometrico3

155 2776 229 2863 Ipse
244 2788 350 2842 tamen
366 2778 462 2843 solvit
477 2802 534 2843 sua
548 2779 696 2844 libertate
711 2789 831 2864 poetae:

198 2874 298 2941 Hunc
313 2877 433 2942 socium
449 2877 524 2942 vitae
538 2877 657 2942 dixeris
673 2900 740 2942 esse
760 2878 898 2942 bonnm?

156 2975 321 3060 Compulit
334 2976 374 3040 ad
390 2976 551 3042 Christum
567 2976 634 3042 vita
649 2977 793 3063 improba
805 2975 1027 3042 Sacrifieorum

199 3076 322 3142 Multos
338 3076 457 3142 salices
471 3077 692 3162 ingenuasque
707 3076 802 3143 viros.
1117 3076 1199 3139 1370

156 3173 285 3261 Quippe
300 3198 412 3260 parum
427 3187 562 3263 possunt
576 3176 713 3242 insulsos
728 3176 811 3242 serre
827 3175 943 3261 pudico

198 3273 334 3360 Ingenio
349 3275 426 3351 nati,
442 3298 506 3340 non
521 3275 699 3361 inopesque
714 3274 784 3341 viri.

159 3372 221 3439 Sed
236 3373 339 3439 multo
354 3373 460 3459 plures
476 3374 576 3440 traxit
590 3374 771 3440 communio
786 3373 899 3448 victus,

200 3473 395 3557 Quanquam
409 3473 481 3539 illos
495 3473 616 3558 inopes,
629 3471 862 3558 contiguaeque
877 3470 963 3535 sami.

158 3573 220 3637 See.
246 3572 331 3638 Siste
341 3573 485 3659 gradum.
515 3572 675 3655 Quoniam
688 3596 747 3638 nee
757 3571 871 3647 adhue,
883 3569 916 3633 in
927 3568 1066 3654 imagine
1079 3566 1200 3634 Christi

201 3673 276 3737 Aut
292 3672 414 3750 Sancti,
429 3673 603 3757 quicquam
618 3695 714 3738 cerno
729 3670 906 3758 ege-inesse
920 3668 1004 3733 mali.

160 3769 231 3836 Non
246 3794 316 3858 ego,
332 3771 358 3837 si
373 3771 494 3848 flector,
509 3772 535 3837 si
552 3773 649 3837 verba
663 3771 792 3837 effundo
806 3779 1003 3857 precantum,

203 3870 302 3956 Sique
317 3894 403 3939 meos
414 3872 522 3938 oculos
536 3871 659 3936 detinet
673 3870 812 3956 effigies:

160 3967 236 4036 Non
251 3972 297 4035 illi
313 3971 432 4049 flector,
448 3995 513 4036 non
527 3971 682 4054 alloquor,
699 3982 756 4035 aut
771 3969 849 4034 colo.
897 3965 1008 4032 Solum

202 4069 269 4135 010
284 4068 401 4147 Deum,
417 4092 533 4134 nomen
549 4069 655 4155 cogite
670 4080 777 4134 mente
792 4066 864 4131 Dei.
1119 4067 1202 4127 1380

162 4165 252 4231 Tune
266 4168 341 4233 deos
355 4168 469 4233 Romae
484 4167 586 4234 eredis
601 4167 792 4232 simulachra
806 4163 931 4230 videri?

405 4375 412 4407 ¹
433 4376 514 4445 [tide
529 4377 704 4441 Leuternia,
716 4374 834 4447 huglice,
846 4392 871 4444 p.
883 4373 957 4442 660]

262 4471 354 4522 ven.
371 4470 410 4521 v.
1047 4468 1068 4518 ⁰
1083 4468 1104 4519 0
