2932 5054
509 454 841 509 nccunsmsrrcA.
1125 445 1198 510 399

155 618 322 701 Quantum
340 617 401 684 illis
417 641 553 703 quorum
569 621 703 705 populos
718 621 874 707 sapientia
882 623 970 709 juvit

198 718 272 783 Aut
287 718 389 784 virtus
400 718 524 804 ingens,
541 721 592 785 vel
606 720 769 786 decoravit
783 744 845 787 eos.

154 819 213 884 Nil
229 819 288 884 tibi
304 817 441 896 Pelides,
456 820 503 883 nil
518 843 604 885 nunc
618 820 679 886 tibi
694 821 790 886 debet
805 821 978 887 Homerus.

198 918 287 983 Vilia
302 919 385 983 dona
399 919 459 984 tibi
469 919 537 1004 jam
552 919 674 1005 periere
688 929 754 985 tua.

157 1016 283 1083 Sufficit
297 1040 373 1104 ergo
388 1018 476 1094 mihi,
493 1019 519 1083 si
535 1019 613 1102 quid
628 1021 709 1084 bene
724 1019 838 1097 fecero,
855 1019 929 1086 vivo

199 1117 355 1182 AEmulus
370 1116 518 1194 oblatret,
534 1117 644 1184 laudet
658 1118 778 1184 amicus
793 1119 897 1184 homo.

155 1217 215 1280 Pr.
241 1215 288 1279 Hi
303 1215 408 1301 primi,
424 1216 577 1303 (dicunt),
594 1217 901 1302 Lombardusqueet
917 1217 1032 1285 Scotus
1046 1242 1066 1284 a
1079 1219 1184 1297 Duns,

199 1315 283 1382 Cum
298 1314 391 1380 sociis
405 1315 515 1401 primae
530 1338 611 1400 quos
625 1316 764 1382 habuere
778 1317 904 1394 scholae,
1118 1325 1201 1385 1880

156 1415 209 1479 Ex
225 1415 386 1493 Patribus,
405 1414 511 1482 Sacris
528 1414 711 1502 Scripturis,
728 1426 761 1482 et
778 1414 943 1503 Stagyrita
1149 1420 1152 1427 ’

200 1514 325 1590 Multis,
340 1514 518 1579 doctrinam
532 1537 736 1601 composuere
750 1537 876 1580 novam.

156 1613 319 1700 Linguam
335 1612 512 1678 Romanam
527 1624 652 1679 vertere
666 1613 701 1677 in
716 1612 958 1680 Gallimatiam¹.

200 1714 265 1778 Sec.
291 1711 404 1779 Sermo
419 1713 517 1797 quis?
545 1713 606 1777 Pr.
631 1712 802 1798 Apposite.
818 1713 1047 1778 Dncocclonus¹
1067 1725 1144 1780 erat.

157 1813 221 1877 Soc.
240 1811 387 1894 Quorum
401 1810 566 1876 hominum
581 1811 707 1877 sermo?
737 1813 796 1876 Pr.
816 1810 997 1878 Samnitum
1008 1836 1070 1878 non
1087 1813 1196 1899 procul
1210 1811 1340 1877 umbris.

203 1910 338 1997 Scripsit
352 1932 390 1976 eo
405 1911 524 1976 multos
539 1910 637 1975 Musa
652 1910 757 1975 Lalia¹
774 1910 880 1976 libros

160 2010 307 2093 Quorum
322 2010 502 2076 doctrinam
518 2010 613 2096 pleno
629 2011 815 2095 quicunque
829 2011 961 2077 bibisset

203 2108 344 2188 Haustu,
361 2120 515 2187 mutatus,
531 2133 594 2175 nou
611 2120 680 2176 erat
694 2111 728 2175 id
742 2112 829 2195 quod
843 2123 919 2177 erat

159 2208 264 2275 Pctus
279 2210 364 2275 utin
380 2233 498 2287 mensa,
513 2210 656 2296 geminas
671 2221 765 2296 putat
779 2234 846 2277 esse
866 2211 1029 2278 lucernas:

205 2308 259 2377 Sic
274 2332 381 2396 regem
396 2310 450 2375 ille
465 2332 559 2375 suum
575 2310 716 2396 concipit
729 2333 798 2377 esse
812 2311 903 2378 duos.
1124 2318 1208 2377 1890

161 2408 211 2474 Ut
226 2408 283 2493 qui
299 2409 448 2475 venelicae
463 2419 609 2496 gustarat
623 2409 738 2495 pocula
754 2408 874 2489 Circes,

204 2508 276 2573 lllic
291 2531 309 2572 c
323 2530 422 2594 puero
436 2508 474 2573 fit
488 2509 594 2595 lupus,
610 2531 714 2585 ursus,
730 2531 816 2594 aper,

160 2606 206 2672 Et
221 2607 339 2673 cicures
354 2608 486 2694 vigilare
496 2609 654 2693 jubentur
668 2608 708 2672 ad
723 2609 805 2674 atria
816 2607 945 2685 Circes3

205 2704 260 2771 Sic
274 2705 372 2793 Papis
387 2707 503 2773 debent
519 2706 694 2794 advigilare
709 2706 835 2772 scholae.

163 2803 255 2871 Sicut
269 2829 357 2870 amor
370 2806 449 2871 Loti
464 2805 564 2872 socios
578 2806 718 2871 mutavit
733 2805 871 2892 Ulyssis,

204 2903 259 2970 Ne
274 2905 394 2971 vellent
408 2906 518 2992 patriae
532 2906 605 2991 plus
620 2904 801 2970 meminisse
817 2928 882 2970 suae
897 2929 904 2967 :

164 3003 217 3070 Sic
232 3003 330 3090 Papis
345 3005 430 3070 cives
444 3004 593 3090 adjunxit
607 3004 674 3069 vita
689 3003 849 3081 scholaris,

205 3102 361 3187 Fecitque
376 3125 502 3168 aversos
517 3103 645 3189 regibus
660 3124 727 3167 esse
743 3102 817 3167 suis.

164 3202 237 3268 Hoc
253 3225 380 3287 quoque
395 3225 452 3289 par
468 3201 571 3268 Ithaci
587 3200 679 3266 sociis
693 3211 752 3277 est,
768 3211 866 3285 atque
881 3200 1025 3279 scholari,

206 3302 356 3369 Mutatus
371 3302 474 3389 specie
490 3313 528 3368 ut
542 3325 575 3368 se
591 3312 684 3389 putet
700 3324 768 3368 esse
783 3302 898 3366 virum.
1126 3306 1207 3367 1900

164 3401 385 3489 Egressusque
400 3402 514 3468 scholae
528 3402 678 3478 tenebris,
695 3424 776 3485 quos
791 3399 941 3467 convenit
960 3423 1079 3478 omnes,

207 3502 392 3568 Communis
406 3502 482 3568 vitae
496 3501 621 3567 nescius
636 3500 713 3586 ipse,
730 3501 831 3566 docet

164 3600 343 3679 Exclamat,
359 3601 483 3680 clamat,
499 3601 655 3667 declamat
669 3600 816 3666 fortiter:
841 3622 950 3665 omnes

208 3700 440 3787 Intempestive
455 3700 587 3787 corrigit
601 3710 699 3784 atque
714 3699 818 3764 docet.

167 3798 371 3887 Simpliciter,
386 3812 454 3865 κατὰ
468 3831 503 3875 τι,
519 3799 635 3886 typice,
652 3798 766 3885 topice,
783 3797 943 3885 tropicevc

209 3899 337 3976 Omnia,
353 3921 425 3983 quae
440 3898 566 3964 libitum
583 3907 632 3962 est
646 3897 760 3976 dicore,
775 3920 851 3964 vera
869 3896 955 3962 facit.

168 4000 255 4065 Huic
269 3999 434 4064 hominnm
447 3996 559 4084 generi
572 3998 757 4062 mandatum
774 4006 823 4062 est
832 3995 1008 4082 justificare

210 4097 338 4175 Omnia,
354 4120 426 4181 qua
441 4096 544 4162 voluit
558 4095 648 4183 Papa
662 4120 774 4163 vocare
789 4096 922 4161 Fidem:

168 4197 433 4283 Obsequiumquc
450 4195 553 4262 Sacroe
567 4197 642 4263 dare
657 4207 736 4262 tunc
751 4197 818 4261 sinc
834 4193 935 4260 limite
953 4192 1038 4273 Sodi,

530 4389 537 4420 ¹
559 4395 639 4465 [Vide
650 4394 852 4462 Guosssnwm]
