2932 5054
428 452 514 507 nux
533 447 853 508 MATnnMfflcA'.
1089 440 1159 509 143

112 620 299 694 Wallisius
333 621 380 693 ab
415 632 554 692 telonia
590 623 666 695 sive
699 646 776 696 non
807 621 1003 697 latitudine
1034 622 1160 697 lateris
1173 646 1375 690 oosrnovmo

110 733 318 808 confutare.
1200 729 1345 834 Q

163 847 350 923 Quoniam
382 855 506 919 autem
535 846 832 945 semidiagonalis
868 848 924 923 IJr
952 861 1009 923 est
1039 848 1161 923 media

111 959 401 1058 proportionalis
430 958 527 1033 inter
553 972 735 1034 extremas
759 962 825 1036 DC
846 974 884 1035 et
908 962 992 1036 Dk:
1020 963 1050 1035 ai
1075 963 1162 1036 cubi

110 1073 262 1146 suntin
285 1062 472 1169 triplicata
500 1074 644 1147 ratione
669 1075 825 1149 laterum
846 1068 926 1149 ¹sine
951 1075 1160 1166 latitudine,

111 1187 184 1260 erit
197 1186 328 1260 eadem
338 1184 394 1259 IJr
409 1186 531 1259 media
542 1211 686 1285 quoque
701 1188 798 1262 inter
810 1189 969 1263 mediam
983 1190 1162 1286 majorem

110 1312 151 1373 et
167 1299 361 1373 minorem.
414 1299 488 1373 Sed
515 1301 579 1374 illa
608 1301 729 1375 media
752 1314 809 1377 est
833 1303 932 1376 inter
954 1303 1018 1376 DZ
1035 1316 1074 1377 et
1092 1304 1158 1377 De.

112 1414 252 1503 Quare,
271 1437 356 1486 cum
385 1411 448 1484 DZ
480 1414 527 1487 sit
549 1413 601 1486 ad⁴
625 1414 683 1488 De
706 1427 750 1488 ut
771 1424 792 1489 5
811 1415 859 1489 ad
876 1426 913 1504 4,
936 1427 1046 1490 erunt
1071 1417 1161 1513 ipsae

111 1524 188 1615 DZ,
207 1525 266 1598 De
284 1524 368 1599 duae
385 1524 516 1600 mediae
534 1528 711 1621 quaesitae.

163 1638 407 1712 Manifestum
423 1661 512 1734 ergo
530 1651 586 1712 est
602 1650 740 1712 rectam
751 1638 804 1713 Dt
817 1663 893 1713 non
906 1658 986 1714 esse
1004 1638 1161 1713 duarum

110 1751 318 1826 mediarum
334 1751 435 1825 inter
451 1752 519 1825 DC
534 1766 577 1826 et
592 1751 652 1826 Db
664 1753 867 1827 minorem:
896 1777 967 1828 nec
984 1754 1048 1827 DZ
1065 1753 1161 1827 latus

110 1865 198 1939 cubi
216 1864 367 1962 aequalis
382 1865 536 1939 dimidio
554 1867 649 1939 cubo
666 1866 712 1939 ab
731 1867 808 1939 AB.

163 1977 266 2052 Idem
295 1978 407 2052 etiam
434 2003 501 2076 per
529 1980 692 2075 partium
715 1979 962 2075 aliquotamm
987 2001 1161 2053 numeros

110 2091 350 2165 manifestum
371 2104 440 2165 est.
492 2091 589 2165 Cum
612 2094 710 2166 enim
728 2092 794 2165 Dc
810 2093 858 2169 ad
876 2092 927 2165 Dt
944 2093 994 2166 sit
1010 2104 1054 2165 ut
1073 2103 1094 2165 5
1112 2092 1162 2165 ad

110 2215 149 2295 4,
167 2202 208 2276 id
234 2215 292 2277 eat
317 2214 361 2277 ut
383 2203 489 2278 10ad
507 2211 542 2293 8,
560 2204 620 2277 vel
639 2212 687 2278 50
703 2204 752 2277 ad
769 2212 830 2293 40,
854 2218 893 2277 et
915 2214 958 2277 ut
979 2213 1027 2280 50
1045 2204 1094 2278 ad
1111 2214 1160 2280 40

110 2319 166 2391 ita
181 2326 232 2392 40
250 2318 297 2394 ad
316 2325 377 2406 32,
401 2329 441 2391 et
466 2318 521 2391 ita
549 2316 706 2415 denique
731 2327 778 2392 32
797 2317 844 2392 ad
862 2317 959 2409 252-:
985 2341 1160 2394 numerus

112 2439 162 2505 50
180 2430 332 2505 deberet
349 2454 429 2505 esse
447 2431 579 2528 duplus
602 2431 766 2505 numeris
784 2429 880 2523 25-}-.
935 2431 1009 2506 Sed
1027 2431 1159 2529 duplus

110 2555 171 2617 est
187 2544 331 2617 numeri
349 2554 411 2618 25.
464 2545 590 2619 Quare
617 2545 669 2619 Dt
692 2547 810 2643 major
835 2558 892 2620 est
914 2569 1024 2643 quam
1041 2549 1159 2644 major

111 2656 318 2731 mediarum
335 2658 433 2731 inter
449 2658 527 2748 DC,
547 2658 619 2731 Da.

163 2771 284 2845 Causa
317 2773 453 2846 erroris
480 2773 590 2869 hujus
622 2771 694 2844 alia
719 2794 795 2845 non
824 2783 891 2863 est,
918 2797 1029 2869 quam
1060 2772 1159 2869 quod

110 2883 221 2973 linea,
252 2908 276 2956 a
305 2883 521 2959 definitione
551 2883 713 2959 Euclidis
741 2909 815 2958 non
843 2887 931 2959 satis
958 2886 1159 2973 intellecta,

110 2997 241 3071 habita
255 3009 313 3071 est
329 3021 352 3070 a
368 2997 550 3095 plerisque
574 3021 642 3093 pro
668 2997 898 3094 longitudine
924 2999 1003 3072 sine
1032 2999 1159 3073 latitua

111 3109 212 3185 dine.
251 3110 474 3207 Quanquam
491 3111 590 3183 euim
607 3111 645 3183 in
664 3111 917 3185 mensurandis
934 3112 1159 3206 rectangulis

110 3224 348 3298 latitudinem
371 3221 658 3319 computandam
687 3248 762 3297 non
787 3247 866 3296 esse
890 3246 1019 3296 verum
1042 3225 1103 3313 sit,
1119 3225 1159 3296 in

110 3336 372 3434 computandis
402 3349 526 3409 tamen
555 3337 817 3432 superficiebus
840 3336 1007 3410 definitio
1024 3336 1088 3409 illa
1103 3337 1159 3410 loa

111 3474 198 3524 eum
223 3450 366 3523 nullum
393 3449 526 3523 habet:
554 3449 640 3544 quia
664 3449 858 3545 longitudo
886 3461 924 3522 et
947 3450 1159 3546 superficies

112 3574 212 3651 sunt,
235 3586 304 3659 per
324 3563 445 3657 ipsum
464 3562 667 3650 Euclidem,
691 3561 835 3636 diversa
855 3585 993 3658 genera
1015 3563 1160 3659 quanti·

111 3675 214 3749 tatis.
271 3674 458 3749 Wallisius
491 3674 617 3771 igitur,
648 3698 733 3747 eum
767 3687 992 3771 supponeret
1024 3675 1159 3749 lineam

112 3787 333 3863 divisibilem
349 3790 389 3862 in
405 3799 530 3885 partes
547 3788 692 3861 infinite
710 3788 871 3884 exiguas,
889 3813 965 3861 non
982 3789 1103 3884 potuit
1119 3790 1159 3862 in

112 3900 183 3975 hae
201 3901 404 3998 quaestione
421 3924 497 3974 non
514 3924 648 3974 errare.

162 4013 335 4091 Euclides
349 4013 458 4103 enim,
473 4013 510 4086 in
522 4013 638 4086 Elem.
649 4013 673 4101 i,
687 4011 954 4087 demonstravit
969 4011 1159 4108 parallelo-

112 4151 281 4225 gramma
298 4129 366 4202 sub
384 4126 513 4201 eadem
530 4125 725 4201 altitudine
742 4137 780 4200 et
796 4126 945 4199 basibus
957 4124 1159 4221 aequalibus

112 4265 192 4316 ease
223 4243 386 4315 interae
418 4239 585 4339 aequalia.
644 4239 746 4336 Ergo
776 4239 1158 4336 parallelogrammum

113 4357 181 4430 sub
204 4356 269 4429 AB
297 4357 440 4451 atejus
467 4363 572 4450 parte
602 4353 744 4427 infinite
772 4352 917 4449 exigua,
940 4351 1078 4448 aequale
1101 4365 1159 4426 est
