2932 5054
452 419 692 472 ranornruo
713 418 901 473 oenone.
1125 405 1192 472 231

153 584 348 659 refractam
366 585 445 659 sore
463 586 548 675 ΕΜ,
567 610 699 684 nempe
715 589 899 685 jacentem
923 588 961 661 in
989 588 1069 684 ipso
1086 587 1197 684 plano
1232 612 1318 715 rgo-1:
1327 612 1397 703 [ψ.

154 698 231 771 ΕΙ).

203 2637 388 2710 Quoniam
420 2640 518 2711 enim
547 2640 703 2736 angulus
740 2639 838 2712 AEL
867 2649 922 2710 est
950 2637 1193 2728 semi-rectus,

153 2750 224 2822 erit
257 2775 403 2847 quoquo
434 2752 530 2825 CED
565 2753 814 2826 semi-rectus:
846 2763 883 2824 et
918 2751 1004 2847 quia
1036 2753 1193 2846 angulus

153 2864 249 2935 ECD
285 2877 340 2936 est
370 2877 505 2954 rectuS,
541 2868 611 2939 erit
646 2867 742 2938 CDE
777 2865 1015 2938 semi-rectus.
1069 2865 1193 2939 Quare

152 2989 264 3050 rectae
282 2976 430 3067 01),οΕ
449 2992 536 3051 sunt
553 2980 724 3076 aequales.
766 2981 832 3052 Est
845 3002 933 3074 ergo
953 2978 1087 3050 CDEH
1107 3000 1195 3072 qua-

152 3090 310 3178 dratum,
329 3103 366 3163 et
393 3104 436 3164 ut
464 3093 532 3164 CH
552 3092 730 3165 diameter
758 3091 806 3164 ad
834 3090 898 3163 CD
922 3089 1028 3176 latus,
1046 3089 1099 3161 ita
1116 3088 1193 3177 ΟΒ,

151 3202 209 3275 vel
226 3203 305 3291 AB,
317 3203 374 3275 vel
388 3204 472 3292 ΕΗ,
484 3206 531 3278 ad
543 3207 609 3278 CK
622 3208 680 3279 vel
699 3206 786 3279 KH.
827 3204 1052 3301 Supponitur
1069 3214 1194 3275 autern

151 3340 384 3413 progressum
399 3317 491 3391 lucis
504 3319 543 3391 in
556 3319 677 3392 medio
684 3344 768 3392 raro
776 3317 1194 3412 habereproportionem

152 3428 199 3502 ad
216 3453 449 3528 progressum
468 3431 507 3502 in
525 3431 650 3519 denso,
672 3455 781 3528 quarn
812 3430 923 3502 habet
951 3428 1128 3502 diameter
1146 3429 1194 3502 ad

152 3542 260 3635 latus,
295 3544 365 3617 hoc
401 3555 467 3633 est,
503 3544 580 3634 CD,
614 3544 672 3615 vel
705 3543 789 3631 ΕΗ,
817 3543 875 3614 vel
909 3541 987 3623 AB,
1022 3541 1069 3613 ad
1104 3541 1189 3613 KH.

153 3655 311 3729 Quando
333 3680 422 3752 ergo
446 3658 624 3729 terminus
647 3656 739 3729 lucis
756 3656 789 3727 A
807 3666 863 3727 est
889 3655 928 3726 in
954 3654 997 3741 Ε,
1015 3654 1193 3727 terminus

153 3767 183 3839 B
204 3769 292 3864 (qni,
311 3770 341 3840 si
355 3768 515 3842 medinm
534 3793 609 3841 non
625 3781 720 3841 esset
736 3779 930 3853 mutatum,
945 3768 1096 3840 deberet
1114 3790 1193 3840 esse

150 3879 188 3951 in
209 3881 257 3967 H,
276 3881 467 3953 immersus
491 3880 742 3976 profunditate
761 3881 852 3974 KH)
883 3879 953 3951 erit
970 3889 1194 3975 propagatus

150 3991 197 4064 ad
222 3993 269 4079 N,
291 3995 344 4066 ita
368 4006 411 4065 ut
438 3994 670 4089 profunditas
694 3995 773 4090 ejus
794 3994 869 4066 sive
898 3991 1074 4064 distantia
1098 3992 1195 4063 inter

148 4107 213 4177 ΕΙ)
231 4119 268 4178 et
286 4107 367 4196 GN,
392 4131 524 4203 nernpe
550 4107 863 4206 perpendicularis
886 4105 957 4193 EF,
975 4105 1022 4177 sit
1045 4103 1195 4200 aequalis

148 4231 259 4290 rectae
277 4220 354 4304 CD,
374 4221 430 4292 vel
455 4222 537 4310 ΕΗ,
555 4221 614 4292 vel
635 4221 711 4293 AB.
762 4221 827 4291 Est
855 4230 979 4289 autem
1001 4218 1066 4290 AB
1095 4218 1195 4290 linea

150 4330 254 4404 lucia.
309 4333 434 4406 Quare
453 4334 563 4407 etiam
581 4335 641 4407 EF
659 4345 713 4406 est
732 4333 829 4405 linea
845 4330 937 4405 lucis
953 4340 1192 4431 propagata.
