2932 5054
407 441 408 444 Ν
436 429 635 486 caueant
652 429 819 484 naama.
1107 411 1151 479 61

111 602 190 670 tam
207 592 264 668 od
276 602 395 667 terre
412 603 587 684 courcero,
604 593 794 670 ueletiam
814 604 957 667 rectam
973 590 1161 666 horizonti
1181 613 1284 655 »nnn
1299 613 1368 668 ιιι..

103 705 473 805 perpendicularem,
499 706 675 806 intellige
699 706 834 781 lineam
860 705 1077 780 directionis
1101 704 1160 778 oie
1198 695 1343 800 „32¹2

111 818 293 895 metricis.
343 818 422 893 Per
438 819 652 895 desceomm
668 828 708 893 et
730 843 933 909 ascensum,
955 818 1160 918 appropin-

112 933 326 1032 quationem
339 942 377 1007 et
394 932 662 1032 elongationem
679 958 704 1005 a
721 933 879 1007 tmmino
895 933 952 1005 vis
969 930 1160 1005 molrieis:

106 1056 349 1145 porrectam
364 1045 641 1136 horisontolem,
658 1045 719 1120 oel
739 1044 970 1120 horisontole
992 1043 1158 1143 planum,

112 1169 272 1250 rectam,
289 1182 355 1234 eeu
363 1157 532 1257 plenum,
549 1157 659 1233 lineoe
679 1157 900 1232 directionis
915 1156 1092 1236 moventia
1108 1155 1167 1228 od

113 1271 279 1371 angelos
294 1280 429 1346 rectos.
459 1272 539 1346 Per
553 1272 778 1361 descensum,
790 1270 851 1345 oel
863 1295 1053 1344 ascensum
1066 1268 1161 1342 obli-

114 1409 238 1484 qurmt,
249 1383 424 1458 lotionem
433 1384 630 1459 secundom
644 1383 780 1459 lineam
792 1408 875 1481 quee
891 1383 1026 1459 lineam
1039 1383 1167 1464 dirce,

118 1496 242 1572 tionis
261 1496 438 1570 moventis
463 1495 611 1597 oblique
626 1506 746 1587 secat,
765 1495 820 1569 otl
843 1495 1019 1569 moventis
1034 1493 1162 1569 termi-

116 1634 203 1684 num
228 1608 452 1698 accedendo,
477 1607 538 1683 vel
560 1609 648 1684 inde
672 1607 893 1684 recedendo.
947 1607 1163 1705 ceteraque

114 1721 295 1797 similiter
310 1720 584 1796 accomodando
600 1730 696 1799 eant.

170 1833 384 1924 Maelinae,
402 1834 565 1934 appello,
582 1836 829 1911 instrumento
851 1834 1008 1910 motibus
1025 1835 1163 1909 exomi-

118 1947 269 2037 nautlt't,
286 1944 348 2021 oel
362 1935 739 2045 etiamsocilitaadis,
746 1951 967 2048 forinsecam
979 1947 1164 2023 adhibita.

173 2061 217 2134 In
234 2060 452 2135 definitione
469 2061 544 2151 xxi,
563 2062 652 2136 dum
676 2064 899 2160 gravitatem
914 2062 1110 2159 distinguit
1126 2062 1167 2136 in

120 2174 252 2250 stricte
269 2186 309 2248 et
325 2174 444 2249 laxius
461 2187 663 2273 acceptam,
680 2188 876 2274 utramque
894 2177 933 2251 in
950 2200 1061 2250 unam
1079 2198 1168 2249 eana

121 2287 282 2384 demque
294 2287 501 2378 confundit.
553 2288 780 2364 Gravitatem
794 2291 893 2364 enim
904 2290 1023 2364 laxius
1036 2313 1168 2385 accep-

120 2411 213 2492 tum,
250 2399 324 2473 vim
358 2400 553 2475 motricem
586 2425 666 2476 esse
699 2387 796 2477 'dicit
834 2403 872 2477 in
911 2425 1168 2501 quamcunque

122 2513 284 2611 plagam.
335 2511 480 2588 Deinde
496 2538 564 2612 per
584 2525 753 2589 centrum
777 2527 886 2590 terrae
906 2516 1112 2612 intelligere
1129 2537 1169 2588 se

122 2626 229 2716 dicit,
247 2626 447 2700 terminum
464 2651 537 2725 quo
555 2628 676 2702 tendit
693 2628 749 2702 vis
773 2628 836 2703 illa
854 2628 1000 2703 motrix.
1053 2627 1170 2703 Quasi

125 2738 228 2834 quod
253 2739 374 2812 tendit
399 2740 447 2814 ad
473 2753 641 2815 centrum
667 2752 789 2831 terrae,
815 2765 892 2816 non
917 2765 996 2815 esse
1021 2764 1107 2815 vere
1132 2752 1171 2815 et

122 2851 276 2950 proprie
294 2851 490 2927 dicendum
507 2878 631 2951 grave.

178 2966 223 3039 ln
234 2964 448 3039 definitione
461 2967 550 3058 xxii,
564 2992 646 3068 quae
661 2981 717 3042 est
727 2968 869 3053 ultima,
879 2966 1081 3040 machinans
1091 2989 1171 3040 esse

126 3077 219 3152 dicit
242 3079 528 3154 instrumentum
555 3081 716 3155 motibus
731 3080 954 3154 facilitandis
970 3080 1172 3153 forinsecus

123 3190 349 3265 adhibitum.
401 3192 536 3266 Nonne
563 3192 603 3267 id
623 3205 725 3267 reete
743 3192 940 3266 dicendum
959 3203 1015 3265 est
1032 3190 1172 3265 condu-

125 3327 214 3378 cere
228 3305 276 3378 ad
289 3315 430 3379 motum
443 3307 543 3403 quod
560 3307 677 3381 motui
694 3305 909 3381 facilitando
923 3304 1173 3379 adhibendum

128 3415 212 3490 est?
247 3417 424 3512 Machina
440 3442 541 3515 ergo,
555 3419 730 3517 petillius
743 3419 995 3493 definitionem
1012 3419 1173 3510 tertiam,

128 3542 188 3604 est
205 3540 447 3604 momentum.

182 3643 434 3718 Percurrimus
454 3644 633 3718 hactenus
659 3645 902 3735 definitiones,
921 3646 959 3718 in
978 3644 1110 3741 quibus
1127 3667 1176 3718 ne

128 3781 206 3831 una
220 3755 369 3854 quidem
383 3779 466 3854 quae
480 3780 556 3829 non
571 3756 718 3831 aliunde
733 3757 927 3853 desumpta
939 3758 999 3847 sit,
1014 3768 1070 3830 est
1086 3756 1178 3852 legi-

131 3870 234 3944 tima
287 3870 494 3944 Potuerunt
516 3869 630 3966 igitur
653 3870 774 3944 omitti
798 3895 937 3960 omnes,
955 3882 998 3943 nt
1021 3893 1178 3966 quarum

129 3982 256 4056 nulla*
275 3981 432 4056 inseruit
459 3982 507 4056 ad
536 3982 716 4058 doctrinae
744 3984 924 4058 institutae
950 3983 1177 4058 demonstra·

131 4096 263 4171 tiones.
317 4095 431 4193 Cujus
466 4096 723 4192 ineptitudinis
753 4097 826 4171 alia
852 4120 964 4170 causa
994 4121 1178 4173 essenon

459 4348 460 4351 ’
527 4338 610 4400 *Sic
623 4341 693 4400 edit.
713 4340 798 4401 1671.
