2932 5054
360 435 558 497 cosanum
578 443 904 498 onomnrnroum.
998 488 1007 501 .
1101 429 1156 497 33

502 825 639 901 PROP.
657 825 759 901 XIV.

110 1035 146 1088 er
178 1033 336 1087 secans
364 1033 499 1088 Ancus
533 1020 581 1089 30
613 1034 824 1088 sanonum
857 1034 1045 1088 securus
1076 1036 1151 1087 nx-

157 1150 305 1201 rnnmn
330 1148 381 1199 ns
409 1147 546 1200 unone
575 1148 775 1216 samono,
793 1148 929 1201 marus
962 1148 1152 1201 scomen-

158 1262 249 1316 sum
269 1262 368 1314 narr
384 1262 561 1322 mouens
577 1262 917 1315 snmroraoousnr
933 1262 1149 1322 ousoaurr

110 1352 115 1360 '
159 1375 186 1426 A
206 1374 543 1427 snmlornmnsno

110 1517 349 1592 Dnscnrero
375 1519 554 1614 quadrato
571 1520 617 1593 ab
634 1518 713 1604 AB,
730 1542 862 1616 nempe
880 1519 1023 1610 ABCD‚
1041 1532 1080 1594 et
1097 1519 1152 1592 di·
1185 1543 1270 1585 mon
1285 1543 1349 1584 nv.

109 1633 189 1706 viso
207 1632 467 1729 quadrifariam
485 1645 566 1707 tum
582 1657 605 1707 a
621 1633 731 1707 rectis
749 1634 819 1723 EF,
834 1632 918 1722 GH,
937 1646 1017 1707 tum
1034 1658 1057 1707 a
1073 1632 1151 1706 dia-
1163 1612 1366 1716 affin.

109 1735 1365 1843 gonalibusAC,BD,concurrentibusomuibusincentro³⁰⁸‘⁸⁴¹¹¹¹²¹¹¹⁶‘²

111 1859 282 1957 quadrati
299 1860 347 1933 ad
364 1859 394 1948 I,
408 1857 663 1954 describantur
680 1859 754 1932 duo
771 1882 878 1932 arcus
896 1859 1153 1953 quadrantales

112 1973 191 2061 AC,
206 1972 286 2063 BD,
304 1985 471 2064 secantes
488 1971 700 2068 diagonales
717 1972 756 2045 in
775 1971 817 2045 M
835 1984 874 2047 et
890 1972 940 2061 N,
960 1985 998 2046 et
1014 1985 1154 2047 rectam

112 2085 171 2158 FE
189 2086 227 2158 in
246 2085 293 2159 K.
336 2084 502 2158 Ducatur
519 2083 605 2174 ΑΚ,
619 2097 657 2158 et
674 2085 900 2182 producatur
917 2086 966 2159 ad
982 2084 1077 2159 latus
1089 2085 1152 2159 BC

111 2197 150 2271 in
167 2198 208 2271 P.
250 2197 318 2271 Est
335 2221 423 2294 ergo
441 2196 510 2271 ΑΡ
528 2221 654 2272 secans
668 2222 776 2271 arcus
794 2198 875 2287 ΒΚ,
888 2198 952 2296 qui
971 2211 1026 2272 est
1045 2223 1153 2272 arcus

111 2309 295 2406 graduum
313 2319 372 2385 30.
423 2312 490 2384 Est
503 2324 627 2385 autem
643 2310 706 2385 BP
723 2323 879 2407 tangens
893 2320 941 2386 30
958 2311 1153 2408 graduum,

113 2436 151 2498 et
166 2424 280 2520 ipsius
299 2423 457 2498 secantis
475 2423 638 2497 dimidia.

163 2537 234 2609 Per
250 2548 388 2634 puncta
405 2535 447 2609 M
465 2547 503 2609 et
520 2536 556 2609 N
571 2536 726 2610 ducatur
743 2545 845 2610 recta
862 2537 938 2626 120,
952 2537 1100 2633 aequalis
1117 2548 1155 2613 et

114 2650 287 2746 parallelo
298 2651 405 2724 lateri
423 2649 496 2723 BC.
541 2651 666 2724 Quare
683 2650 759 2739 AL,
774 2650 832 2723 vel
850 2651 917 2724 DO
934 2651 1082 2747 aequalis
1100 2663 1156 2725 est

114 2763 391 2860 semidiagonali
408 2764 473 2837 ΑΙ.

163 2876 258 2950 Dico
275 2875 345 2950 AL
362 2900 441 2952 esse
458 2878 577 2974 majus
593 2887 825 2972 segmentum
842 2876 999 2950 secantis
1013 2876 1087 2966 ΑΡ,
1102 2876 1156 2949 di·

112 2990 199 3065 visae
209 3002 375 3064 extrema
392 3004 430 3065 et
448 2991 569 3065 media
585 2990 738 3064 ratione.

166 3108 364 3182 Intervallo
375 3109 440 3181 ΑΡ
451 3109 680 3182 describatur
691 3132 797 3182 arcus
810 3106 938 3181 circuli
953 3108 1017 3203 Py,
1029 3130 1156 3181 secans

117 3220 184 3297 AB
202 3221 419 3319 productam
434 3223 473 3294 in
489 3247 526 3318 p.
577 3222 612 3294 A
630 3231 768 3317 puncto
785 3246 810 3317 y
829 3220 985 3294 ducatur
1002 3246 1053 3316 px
1069 3244 1154 3316 par-

114 3335 223 3409 allela
247 3335 354 3409 lateri
381 3334 455 3424 BC,
473 3347 511 3407 et
528 3334 678 3430 aequalis
696 3334 856 3407 dimidiae
873 3334 1013 3406 secanti
1031 3334 1104 3423 ΑΡ,
1119 3333 1158 3406 id

116 3460 171 3521 cst
197 3448 345 3544 aequalis
372 3448 540 3545 tangenti
568 3447 640 3520 BP.
692 3448 814 3521 Docta
843 3470 931 3542 ergo
951 3448 1010 3518 Ac
1037 3457 1158 3543 potest

116 3560 350 3658 quintuplum
377 3573 488 3635 rectae
513 3587 577 3658 pu.
629 3561 826 3634 Intervallo
845 3561 906 3632 Aa·
931 3559 1159 3632 describatur

114 3698 223 3748 arcus
240 3674 368 3747 circuli
385 3700 446 3763 cu,
459 3697 587 3748 secans
600 3674 667 3746 AB
681 3673 897 3770 productam
913 3673 950 3744 in
968 3699 1002 3745 u.
1032 3672 1156 3745 Quare

120 3790 201 3883 (per
223 3787 339 3860 Elem.
358 3787 435 3875 xiii,
453 3810 555 3884 prop.
579 3785 614 3880 l)
642 3787 791 3882 dempta
812 3812 876 3882 px,
898 3786 937 3858 id
964 3797 1018 3858 est
1047 3785 1117 3874 BP,
1135 3811 1160 3858 a

117 3914 197 3975 tota
213 3899 284 3991 Au,
303 3899 445 3996 reliqua
461 3901 531 3973 erit
555 3904 674 3998 majus
701 3914 931 3996 segmentum
958 3911 1065 3972 rectos
1084 3901 1157 3987 ΑΡ,

116 4016 192 4089 sive
207 4014 278 4111 Ay,
296 4014 421 4088 divisae
438 4027 603 4088 extrema
619 4026 657 4088 et
675 4015 795 4087 media
812 4013 965 4086 ratione.
1001 4014 1160 4108 Dempta

114 4141 239 4203 autem
256 4155 304 4224 yz
329 4128 406 4202 sive
432 4128 492 4202 BP
519 4152 564 4201 ex
582 4130 651 4217 Aa,
670 4129 809 4224 reliqua
833 4126 904 4199 erit
930 4129 994 4200 AL
1012 4126 1160 4224 aequalis

114 4242 396 4338 semidiagonali
415 4243 483 4315 ΑΙ.
545 4243 740 4315 Ostensum
760 4242 857 4312 enim
876 4251 931 4313 est
952 4242 1072 4336 (prop.
1097 4244 1156 4328 10)

116 4367 257 4431 rectam
269 4356 329 4429 BP
347 4355 494 4452 duplum
514 4380 593 4429 esse
611 4368 721 4429 rectae
739 4356 814 4446 CO,
827 4354 901 4427 sive
922 4355 995 4427 BL.
1033 4355 1160 4449 ltaque

217 4489 312 4546 von.
328 4491 369 4542 ν.
1035 4489 1060 4538 n
