2932 5054
440 428 494 482 ua
522 430 801 487 n1uns1a1sus
828 433 962 489 nacci.
1144 426 1217 508 327

180 590 371 659 Candidiore
385 593 450 660 frui
465 595 570 664 Musae
585 605 756 664 censentur
769 598 880 668 amico.

179 690 268 761 Hinc
281 691 322 757 ad
336 702 431 771 tecta,
447 695 512 761 solo
527 706 688 782 surgente,
704 698 899 765 ascenditur:
916 709 1017 780 extra,

178 789 332 878 Augusta
345 803 485 878 aspectu,
501 794 657 873 sublimia,
672 795 783 882 regia3
808 806 842 863 et
856 798 942 865 intra

179 888 362 968 Commoda,
377 892 473 970 culta
488 893 624 979 capacia,
639 895 814 980 splendida,
829 896 910 963 <litia
922 908 1016 965 tecta

112 989 155 1049 60
178 989 230 1055 At
242 1000 281 1065 tu
294 992 477 1058 marmoreis
491 1015 564 1077 quae
579 993 644 1060 sint
658 994 817 1082 descripta
830 996 943 1082 figuris

177 1088 271 1154 Ficta
284 1101 459 1176 poetarum,
473 1093 648 1177 priscorum
662 1103 720 1159 aut
733 1093 819 1161 facta
832 1095 983 1176 virorum,

177 1187 231 1254 Ne
246 1211 346 1268 cures,
362 1190 441 1257 duro
455 1213 515 1258 nec
528 1201 653 1258 certans
667 1215 822 1259 marmore
836 1216 987 1280 gypsum.

177 1285 339 1374 Ingenuos
353 1310 411 1354 nec
425 1299 462 1354 tn
477 1289 585 1376 cupias
599 1313 766 1357 numerare
779 1292 961 1371 ministros3

179 1385 243 1454 Sal
256 1387 432 1466 dominum,
443 1411 515 1454 mea
529 1387 635 1467 Musa,
650 1389 744 1468 colas,
759 1389 812 1456 cui
826 1401 923 1477 gente
937 1402 1065 1459 vetusta

177 1484 260 1554 Orto
274 1487 330 1552 dat
344 1487 455 1554 titulos
470 1486 627 1566 Devonia,
643 1487 764 1555 Derbia
777 1489 899 1556 ouras¹:

178 1586 299 1652 Acrem
308 1586 440 1672 judicio,
455 1596 653 1653 constantem
667 1598 805 1674 pectore,
820 1589 957 1667 lautum,

178 1685 399 1772 Utentemque
413 1687 526 1773 opibus
539 1686 620 1752 luxu
635 1687 703 1753 sine
714 1711 723 1765 3
746 1698 781 1753 et
794 1688 879 1754 inter
892 1689 1010 1755 amicos

177 1785 238 1851 Ille
252 1785 340 1855 chori
353 1786 452 1852 vestri
466 1785 582 1862 decus3
605 1785 660 1852 ille
679 1786 819 1873 benigna

178 1883 255 1952 Otia
268 1884 324 1950 dat
338 1884 443 1951 Musis
455 1911 464 1961 ;
489 1883 544 1950 sed
557 1893 593 1950 et
605 1884 653 1948 illi
668 1882 765 1950 Musa
778 1884 897 1951 diserto

110 1980 154 2044 70
178 1981 244 2050 Ore
256 1984 356 2068 loqui,
371 1993 468 2069 atque
482 1983 588 2049 animo
603 2005 765 2050 secernere
780 1983 887 2071 turpia
900 1983 1051 2052 honestis.

177 2082 264 2147 Tum
278 2082 463 2149 Dominam²
477 2091 609 2169 spectes,
624 2082 690 2148 alta
704 2083 744 2149 de
757 2093 854 2170 gente
868 2082 1047 2151 Brusorum

176 2180 385 2269 Magnanimo
399 2204 539 2268 proavos.
547 2181 720 2268 spirantem
733 2193 861 2269 pectore
881 2205 981 2268 reges.

176 2282 418 2366 Amborumque
432 2280 504 2347 vide
512 2281 668 2359 sobolem,
680 2280 898 2368 imprimisque
913 2281 1066 2368 puellam⁸

175 2378 316 2467 Dignam
331 2403 395 2465 qua
409 2379 533 2447 caleant
546 2381 663 2467 superi,
678 2381 834 2466 binosque
845 2381 980 2466 puellos⁴

177 2478 360 2566 Angelicos,
376 2479 455 2545 casti
468 2479 648 2545 communia
662 2477 796 2566 pignora
809 2480 894 2546 lecti.

177 2578 248 2644 Hos
262 2589 300 2644 tu
314 2578 445 2656 mireris,
461 2578 665 2664 sobolemque
680 2589 714 2645 ct
727 2589 902 2663 utrumque
917 2589 1099 2664 parentem3

177 2675 303 2744 Caetera
317 2700 390 2763 quae
404 2676 521 2743 referes
535 2677 695 2756 miracula,
711 2688 806 2744 sunto
821 2677 960 2743 minoris.
1059 2732 1063 2743 .

177 2776 249 2840 Alti
263 2786 432 2842 censentur
445 2785 566 2862 septem
580 2776 734 2843 miracula
748 2776 860 2842 Pecci:

177 2873 290 2953 AEdes,
309 2875 414 2950 Mons,
429 2874 633 2951 Barathrum,
648 2875 743 2940 binus
757 2874 855 2951 Fons,
872 2875 1042 2958 Antraque
1056 2873 1140 2940 bina

111 2979 154 3039 80
180 2972 309 3040 Scilicet
322 2973 385 3038 illae
400 2973 487 3059 ipsas,
504 2995 583 3057 quas
591 2974 660 3058 jam
674 2972 930 3051 memoravimus,
944 2972 1028 3038 aedes

178 3072 308 3138 Ornatae
323 3083 373 3139 tot
387 3083 463 3138 sunt
476 3073 561 3139 inter
573 3073 726 3139 miracula
739 3072 859 3158 primae.

178 3171 269 3236 Intra
284 3170 340 3236 has
354 3170 394 3236 de
408 3170 539 3256 reliquis
553 3181 625 3238 orto
639 3193 783 3237 sermone
798 3169 988 3256 quibusdam

177 3269 239 3335 Est
252 3271 366 3348 vnum,
383 3269 537 3356 promptis
550 3293 657 3336 rerum
671 3269 854 3356 perdiscere,
862 3291 981 3346 causas,

175 3369 223 3436 Et
236 3370 315 3435 mihi
329 3369 482 3455 (namque
495 3392 600 3456 operae
615 3370 753 3456 pretium
768 3372 832 3454 est)
849 3391 886 3434 ea
899 3367 1001 3433 visere
1015 3365 1106 3432 mira.

176 3469 270 3534 Anni
284 3479 411 3555 tempus
425 3478 494 3535 erat
508 3491 572 3553 quo
587 3469 682 3534 tellus
696 3467 818 3534 foenora
832 3465 928 3533 solvit
941 3493 950 3543 ς

175 3569 223 3635 Et
236 3570 367 3635 vitrium
382 3569 475 3634 sectis
490 3569 664 3635 abstulerat
677 3569 761 3634 altus
777 3566 882 3633 aristis

175 3669 200 3733 J
202 3691 253 3733 am
267 3667 409 3734 Phoebus
422 3690 526 3734 rorem
540 3691 613 3733 oum
628 3678 713 3734 tecto
729 3667 920 3742 excedimus,
936 3662 1008 3750 ipsi,

176 3768 321 3853 Duxque
335 3767 406 3844 viae,
422 3789 594 3853 servusque
608 3766 679 3853 (sed
693 3766 747 3831 ifle
762 3765 913 3837 vicariusl
928 3786 1023 3829 unus.

176 3867 308 3955 Egressi
321 3867 495 3933 auferimur
508 3868 618 3954 portis,
633 3866 834 3953 petimusque
848 3862 1060 3950 propinquam

109 3977 152 4037 90
178 3967 310 4053 Pilsley,
325 3967 400 4032 dein
415 3966 551 4053 Hassop,
566 3966 723 4032 salebroso
736 3964 873 4030 tramite.
920 3961 1068 4026 Montem

213 4195 222 4232 l
236 4193 422 4251 Praefecturam
433 4194 460 4247 iu
468 4211 533 4264 agro
543 4194 679 4248 Derbensi.
751 4190 761 4218 ⁸
773 4191 915 4244 Dominam
926 4191 1029 4241 Annam
1043 4180 1199 4237 Carendisb.

213 4268 409 4332 'Christianam
434 4278 600 4331 Comitissam
624 4277 676 4329 De·
745 4273 941 4336 ‘Gulielmum‚
976 4286 1047 4322 nunc
1087 4266 1218 4319 Comitem

178 4361 270 4414 voniae.
716 4356 848 4418 Devorria,
864 4370 924 4408 cum
937 4351 1015 4406 tratre
1028 4348 1129 4402 Carolo.
