2932 5054
422 451 508 508 nux
527 446 843 502 mannnmsmm.
1082 427 1150 508 147

112 617 378 693 'nobilissimum
411 618 591 692 admissus
623 616 747 707 fuerit,
787 615 851 714 qui
886 638 971 690 cum
1005 615 1152 712 juvenis
1164 637 1362 682 comcom-

114 731 320 829 Ougbtredi
336 731 607 806 arithmeticam
624 731 822 821 didicisset,
833 739 872 804 et
883 738 1050 804 veterum
1066 753 1154 826 geo·
1191 718 1335 825 Q

112 857 313 920 metrorum
344 845 626 942 propositiones,
653 844 732 918 siue
762 842 1152 930 demonstrationibus,

111 959 364 1056 percurrisset,
390 967 578 1055 assumpta
600 957 796 1030 Cavallerii
819 957 989 1031 doctrina
1011 954 1155 1029 lodici-

111 1070 288 1161 cibils'om,
306 1094 416 1167 quam
433 1095 509 1145 nou
525 1071 717 1161 intellexit,
735 1096 780 1147 ea
801 1072 1003 1145 instructus
1033 1071 1154 1168 supel-

111 1183 235 1258 lectile
265 1184 314 1258 cd
341 1183 628 1282 professoratum
657 1185 870 1282 geometriae
904 1185 1019 1259 totius
1053 1184 1153 1258 orbis

112 1296 355 1371 clarissimum
384 1298 572 1395 aspirarit,
600 1297 834 1396 partiumque
862 1297 988 1372 favore
1016 1321 1154 1395 praeva-

111 1409 268 1484 lentium
285 1410 456 1500 obtinuit,
470 1424 507 1486 et
524 1411 755 1508 quorundam
771 1411 1026 1485 characterum
1042 1411 1153 1506 vulgo

112 1521 388 1618 incognitorum
414 1522 609 1620 praestigiis
632 1546 768 1597 nomen
789 1523 950 1596 obtinuit
966 1522 1064 1619 apud
1082 1522 1155 1596 dis-

114 1633 254 1731 cipulos
279 1645 319 1709 et
341 1634 611 1732 condiscipulos
635 1659 720 1710 suos
743 1644 780 1710 et
797 1637 928 1734 vulgus
945 1635 1155 1733 imperitum

112 1748 325 1844 peritissimi
349 1759 559 1845 geometres,
577 1749 774 1847 docuitque
798 1773 885 1839 non,
903 1760 946 1824 ut
966 1773 1034 1846 per
1050 1749 1154 1823 insti-

113 1863 296 1936 tutionem
313 1861 451 1953 debuit,
470 1863 632 1937 Euclidis
649 1864 903 1960 geometriam,
929 1862 994 1936 sed
1016 1862 1073 1935 sui
1099 1861 1156 1957 ip-

113 1974 188 2048 sius
221 1985 386 2050 monstra
419 1986 457 2049 et
491 1974 631 2049 deliria.
683 1977 715 2048 A
747 1976 879 2071 quibus
907 1999 992 2049 cum
1017 1974 1155 2070 scripta

115 2087 296 2162 Hobbesii
323 2087 573 2177 dissentirent,
591 2088 729 2185 scripto
747 2087 925 2178 Elencbo,
949 2087 1155 2161 rusticitate

114 2215 153 2274 et
169 2202 403 2291 scurrilitate,
420 2201 533 2276 idest
552 2202 750 2275 stultorum
767 2202 921 2292 facetiis,
940 2201 1098 2289 differto,
1116 2201 1155 2274 in

113 2313 218 2387 illum
251 2313 448 2401 invehitur,
480 2316 617 2411 partim
651 2315 798 2412 iugenio
832 2338 910 2405 suo,
944 2316 1079 2412 partim
1109 2315 1155 2387 ab

115 2425 295 2500 Hobbesii
312 2450 404 2523 quos
421 2426 497 2500 dixi
519 2428 676 2502 inimicis
699 2428 892 2502 animatus.
946 2427 1155 2501 Hobbesius

114 2549 239 2611 autem
269 2561 338 2612 nec
367 2538 460 2612 lucri
484 2563 553 2612 nec
580 2540 710 2637 gratiae
737 2564 858 2626 causa,
885 2540 950 2613 sed
972 2540 1156 2614 scribendi

114 2649 195 2724 solo
222 2674 348 2724 amore
378 2652 535 2747 scripsit,
562 2677 645 2750 quae
674 2653 831 2749 scripsit,
861 2653 996 2727 omnia.
1052 2650 1156 2727 Talia

114 2776 240 2838 autem
257 2778 355 2853 suut,
374 2776 418 2838 ut
447 2789 516 2839 nec
544 2780 633 2839 aetas
660 2767 762 2862 prior
791 2767 931 2863 majora
947 2767 1053 2855 vidit,
1073 2791 1155 2852 nec,

115 2889 295 2973 quantum
311 2877 482 2974 conjicio,
500 2879 626 2952 futura
648 2879 854 2952 confutabit
870 2892 934 2953 aut
952 2880 1153 2976 extinguet.

349 3099 405 3151 AD
429 3099 639 3152 LECTORES
666 3099 919 3154 ADMONITIO.

167 3213 386 3306 Habuimus,
405 3215 559 3290 studiosi
581 3216 750 3305 lectores,
769 3217 1004 3291 scientiarum
1026 3217 1155 3291 buma-

114 3351 260 3418 norum
276 3331 489 3426 geometriae
506 3329 589 3403 dico
607 3343 646 3402 et
668 3329 842 3426 physicae,
859 3355 926 3428 per
942 3331 1156 3428 longissima

114 3440 240 3515 secula
282 3443 477 3538 magistros
520 3443 777 3540 peritissimos:
819 3445 1024 3541 praesertim
1067 3469 1155 3519 vero

114 3555 329 3651 geometria
362 3556 564 3644 Euclidem,
602 3556 875 3643 Archimedem,
908 3559 1155 3653 Apollonium,

116 3670 294 3766 Pappum,
317 3670 479 3767 aliosque
505 3695 528 3743 a
548 3671 689 3745 Graecia
709 3682 873 3756 veteres;
901 3672 1155 3759 Cavallerium,

114 3781 371 3856 Torrioellium
389 3782 435 3856 ab
453 3783 560 3856 Italic
584 3783 818 3856 recentiores.
870 3783 913 3855 In
936 3783 1098 3880 physica,
1117 3785 1156 3856 id

114 3906 185 3984 est,
203 3896 242 3968 in
259 3894 429 3968 doctrina
445 3895 491 3968 de
508 3906 623 3983 motu,
643 3919 715 3990 qua
731 3920 853 3969 rerum
871 3898 1033 3969 omnium
1052 3910 1158 3970 natu-

114 4008 248 4083 ralium
266 4008 502 4082 continentur
518 4031 650 4095 causae,
668 4007 804 4082 initiati
824 4009 959 4083 fuimus
976 4034 999 4082 a
1017 4011 1156 4106 Coper-

114 4124 217 4196 nico:
243 4121 500 4218 processimus,
518 4121 802 4218 impedientibus
828 4123 974 4220 quidem
996 4123 1067 4196 illis
1093 4124 1157 4218 qui

113 4237 290 4310 scientias
301 4250 538 4330 susceperant
548 4236 1022 4333 promovere,processimus
1033 4249 1157 4310 tamen

114 4350 183 4424 sub
201 4348 357 4424 Galileo.
411 4348 544 4440 Hodie,
563 4375 638 4425 non
656 4349 739 4424 dico
758 4350 1002 4440 consistimus,
1021 4351 1085 4422 sed
1103 4374 1159 4423 re-

993 4485 1043 4536 L?
