2932 5054
540 422 875 477 uccncsrssrlcn.

233 586 352 652 Nescio
364 585 520 651 Doctores
534 587 641 671 qualia
655 611 752 675 regna
766 590 889 655 volunt.

191 685 311 753 Omnes
326 684 500 769 alloquitur
515 685 673 753 Dominus
689 711 746 774 per
759 688 867 754 Biblia
880 711 987 767 sacra3

235 786 407 870 Verbaque
422 785 503 850 clam
518 787 609 852 nobis
624 787 712 851 nulla
726 799 869 853 susurrat
882 788 937 855 eis.

190 883 253 950 Dio
268 883 492 962 mibi‚Pmr1n,
509 908 628 970 precor,
644 886 720 952 secli
733 887 873 954 studiose
887 889 1017 967 vetusti,

234 983 280 1049 Et
294 1006 402 1048 severe
418 983 496 1048 satis
511 985 666 1050 censorin
682 985 823 1063 historia,

193 1082 275 1165 Quis
290 1083 353 1147 suit
368 1082 421 1148 ille
436 1081 611 1161 hominum,
627 1085 684 1168 qui
698 1108 732 1151 sc
746 1086 822 1168 (nisi
837 1086 910 1151 Rex
924 1087 988 1152 fuit
1001 1088 1102 1173 idem)

237 1183 315 1247 Esse
330 1180 546 1247 Deo-doctum
561 1182 664 1248 dicere
679 1184 800 1269 primus
815 1187 907 1250 erat?

193 1283 253 1346 Pr.
279 1280 349 1347 Scis
363 1291 401 1345 ut
416 1279 601 1346 Aristotelis
616 1282 773 1347 trutinata
787 1285 952 1349 cacumina
964 1308 1071 1351 rerum

236 1379 277 1444 In
291 1380 355 1445 duo
369 1379 486 1456 divisit,
505 1378 683 1446 Stultitiam
697 1392 794 1466 atque
810 1382 939 1448 Dolum.
1191 1388 1232 1454 70

194 1479 255 1545 Est
269 1479 360 1543 dolus
374 1478 407 1542 in
424 1481 528 1553 rebus,
545 1490 619 1544 sunt
635 1480 713 1545 certi
728 1481 866 1566 denique
882 1483 981 1548 stulti.

237 1579 330 1645 Utris
345 1578 540 1643 conveniunt
554 1578 658 1665 Regia
672 1591 797 1666 sceptra
811 1582 936 1668 magis?

194 1679 240 1744 Et
254 1678 367 1743 melius
381 1677 531 1743 defendet
542 1689 623 1755 uter,
636 1679 796 1745 stultusne
810 1679 964 1759 dolosum,

238 1780 337 1843 Anne
352 1777 481 1842 dolosus
496 1800 569 1842 eum
585 1778 641 1863 qui
656 1789 743 1843 caret
757 1778 910 1864 ingenio?

196 1881 258 1943 See.
284 1878 388 1941 Arma
402 1877 589 1943 Deodootis
604 1879 743 1964 ipsorum
758 1879 828 1965 lege
843 1890 1010 1966 negantur.

240 1977 319 2041 Vita
333 1987 438 2041 truces
453 1975 575 2061 gladios
588 1986 655 2042 tam
670 1977 808 2063 pretiosa
822 1978 916 2065 sugit.

195 2077 284 2163 Ergo
299 2075 415 2160 quibus
430 2075 512 2153 telis,
528 2075 645 2160 quibus
660 2078 791 2153 artibus,
803 2088 837 2142 et
850 2078 968 2162 quibus
982 2079 1077 2145 armis

239 2174 310 2241 Nos
324 2174 358 2238 hi
372 2174 554 2251 defendent,
570 2173 717 2258 bellaque
731 2186 840 2240 nostra
853 2178 991 2262 gerent?

196 2275 256 2340 Pr.
281 2273 371 2356 Quos
386 2284 423 2338 tu
438 2272 521 2338 forte
532 2272 626 2338 times
641 2273 747 2339 hostes
761 2297 825 2339 non
839 2274 919 2353 dico,
935 2299 995 2342 nec
1008 2298 1117 2342 armar

241 2372 325 2440 Sunt
339 2373 445 2438 hostes
459 2372 522 2450 alii,
539 2372 760 2456 terribilesque
774 2372 887 2460 magis.
1192 2382 1235 2444 80

196 2472 258 2538 Est
272 2471 390 2536 mundo
405 2480 515 2535 nostro
529 2470 667 2535 mundus
682 2470 897 2536 conterminus
912 2472 1001 2551 alter,

239 2571 354 2636 Nostri
367 2569 536 2646 dissimilis,
553 2582 788 2656 perpetuusque
802 2593 926 2636 comes:

199 2670 265 2753 Qui
280 2670 440 2735 Phoebum
455 2692 619 2753 nunquam
635 2669 725 2746 vidit,
741 2691 969 2753 nunquamque
984 2670 1116 2751 videbit,

242 2768 525 2851 Quantuncunque
540 2766 673 2853 gradum
688 2767 834 2853 grandiat
849 2767 901 2832 ille
916 2791 1027 2833 suum:

200 2867 370 2951 Quemque
384 2865 507 2931 habitat
522 2865 659 2951 populus
673 2888 870 2943 numerosus,
886 2866 943 2950 qui
957 2890 1062 2953 neque
1075 2879 1212 2937 mortem

242 2966 315 3032 Nec
328 2968 475 3031 morbum
489 2975 629 3038 norunt;
654 2964 817 3052 spirituale
831 2987 952 3050 genus3

200 3065 327 3142 Umbri,
346 3065 515 3142 Somnites,
533 3066 739 3142 Amenenees‚
756 3064 1016 3144 Astheneentes¹,

241 3164 288 3229 Et
300 3162 541 3239 Cacodaemonii,
553 3162 776 3246 Daemoniique
789 3162 854 3240 alii,

201 3264 372 3348 Quotquot
386 3272 419 3327 et
433 3262 507 3326 binc
521 3261 664 3326 homines
678 3261 779 3325 nostri
789 3261 973 3327 'moriuntur
986 3263 1026 3353 ad
1040 3263 1130 3329 illos:
1198 3267 1240 3329 90

243 3363 315 3428 Neo
330 3384 440 3447 regum
455 3360 542 3446 leges
556 3360 590 3424 id
605 3360 770 3446 prohibere
785 3360 902 3426 valent.

202 3463 249 3529 Hi
264 3461 355 3528 nobis
370 3461 486 3537 hostes,
501 3460 535 3524 hi
546 3483 603 3525 nos
619 3460 793 3526 terroribus
808 3459 953 3546 implent,

244 3560 396 3627 Defessos
410 3559 532 3625 animos
546 3582 605 3625 nec
620 3558 759 3625 relevare
774 3559 892 3624 sinunt.

202 3659 366 3725 Invadunt
379 3658 523 3724 homines
538 3668 634 3723 noctu
650 3680 825 3742 somnoque
839 3658 964 3745 ligatos,

246 3758 415 3824 Terribiles
430 3757 540 3834 oculis,
556 3759 728 3844 unguibus,
744 3768 842 3842 atque
857 3758 960 3823 minis.

204 3857 362 3923 Attamen
373 3856 413 3921 ad
424 3855 538 3934 lucem,
554 3857 694 3942 percussi
709 3857 845 3942 pectoris
860 3879 975 3943 agmen

248 3955 453 4041 Spectrorum
468 3954 572 4020 ventis
587 3978 687 4040 ocyus
701 3978 794 4019 omne
806 3955 900 4040 sugit.

206 4053 269 4121 Sed
285 4054 434 4139 quoniam
449 4057 612 4120 metuebat
626 4056 666 4120 ab
681 4053 730 4118 his
743 4054 828 4138 quod
843 4064 911 4119 erat
926 4055 1141 4133 metuendum,

247 4154 293 4220 Et
306 4156 452 4240 sperebat
467 4155 507 4218 ab
521 4152 570 4218 bis
586 4153 700 4229 omnia,
716 4154 812 4217 turbo
826 4151 914 4228 levis,

569 4341 575 4370 ¹
596 4339 676 4408 [vide
689 4339 890 4406 Gnossrnrum]
