2932 5054
330 402 516 467 nurouor
536 405 806 460 ououurrucn
826 405 915 460 uro.
1070 386 1139 467 175

100 573 277 670 angulum
310 583 516 664 contactus,
546 574 609 671 qui
639 583 696 648 est
723 574 881 671 angulus
910 593 1020 669 quem
1053 569 1143 644 facit
1195 593 1262 635 cur.
1278 592 1308 634 v.

100 697 203 760 recta
220 686 286 760 BD
305 710 389 760 cum
406 710 496 761 arcu
513 685 576 758 BC
601 686 640 759 iu
663 699 802 783 puncto
828 687 873 760 B.
924 685 1045 759 Quem
1067 683 1142 757 Eu·
1181 661 1325 780 ὦ

101 799 227 888 clides,
251 798 310 872 vel
335 801 415 896 ejus
443 798 625 895 interpres
648 799 789 888 ¹Theon,
815 807 854 872 et
881 795 1028 894 plurimi
1058 818 1143 869 eum

100 911 257 1009 sequuti,
274 913 452 1008 majorem
469 909 617 1007 quidem
643 934 722 986 esse
749 911 922 985 dixerunt
951 907 1052 984 omni
1081 933 1143 982 an·

100 1024 188 1121 gulo
213 1033 337 1114 acuto,
362 1023 539 1120 angulum
568 1036 693 1099 autem
720 1048 830 1122 quem
853 1023 944 1098 fucit
962 1022 1028 1097 AB
1059 1041 1144 1097 cum

101 1137 232 1210 eodem
248 1159 337 1209 arcu
352 1134 415 1208 Bc
432 1135 531 1210 omui
548 1137 684 1233 angulo
702 1149 811 1212 acuto
823 1138 1012 1233 majorem,
1025 1135 1145 1210 mino·

101 1273 180 1324 rem
197 1261 324 1323 tamen
338 1248 461 1322 recto:
489 1247 530 1322 id
547 1249 658 1346 quod,
675 1250 856 1348 siquidem
876 1249 1032 1346 angulus
1058 1272 1145 1322 cou-

100 1373 223 1437 tactus
255 1362 313 1456 (ut
341 1361 422 1436 vult
448 1361 651 1457 Wallisius)
684 1363 848 1460 ejusdem
874 1373 971 1437 esset
997 1361 1144 1459 generis

102 1497 188 1550 cum
213 1474 349 1572 angulo
366 1475 430 1573 qui
455 1475 500 1549 fit
525 1498 549 1548 a
569 1475 798 1550 revolutione
823 1475 929 1565 redii,
947 1487 1004 1550 est
1029 1476 1145 1549 mani·

101 1587 194 1663 feste
209 1588 420 1662 absurdum.
472 1588 571 1662 Nam
587 1590 705 1663 omnis
722 1589 879 1686 angulus
891 1613 966 1663 non
980 1589 1144 1679 obtusus,

102 1714 168 1776 aut
192 1713 317 1776 rectus
340 1711 407 1793 est,
424 1713 490 1776 aut
511 1712 615 1776 recto
635 1702 756 1776 minor
778 1715 885 1778 tanto
907 1713 1067 1799 quantus
1088 1713 1145 1776 est

102 1814 565 1912 uliquiaaugulusacutus.

152 1927 297 2002 Fefellit
323 1951 397 2016 eos,
422 1929 554 2025 primo,
572 1927 671 2024 quod
693 1928 852 2026 spatium
878 1927 977 2002 iuter
1005 1937 1145 2001 rectam

103 2041 171 2117 BD
187 2053 227 2116 et
242 2065 369 2116 arcum
387 2041 450 2116 BC
467 2041 690 2116 crediderint
713 2065 792 2116 esse
812 2042 1007 2139 angulum:
1033 2039 1144 2138 quod,

102 2178 170 2253 per
185 2178 286 2229 num.
301 2165 325 2232 3
355 2155 485 2253 capitis
502 2156 624 2253 hujus,
641 2154 774 2229 falsum
796 2167 863 2230 est.
913 2155 1060 2229 Felellit
1081 2175 1145 2228 eos

103 2268 228 2358 etiam,
242 2267 343 2365 quod
357 2279 531 2365 putarent
547 2268 701 2365 angulos
717 2269 807 2343 istos
823 2269 1048 2366 quantitates
1066 2290 1146 2342 ease

103 2381 270 2478 ejusdem
294 2381 459 2478 generis:
490 2380 748 2478 quodfalsum
775 2393 842 2472 est,
873 2383 960 2479 quia
989 2382 1146 2479 angulus

104 2504 312 2584 contactuS,
324 2504 510 2589 utcunque
526 2493 801 2592 multiplicatus,
814 2495 990 2591 angulum
1006 2496 1147 2569 factum

103 2629 151 2681 ex
168 2607 406 2682 circulatione
423 2607 517 2681 radii
533 2631 707 2705 superare
724 2618 789 2683 aut
799 2632 943 2706 aequare
957 2633 1145 2706 uunquam

103 2731 238 2819 potest.

152 2856 225 2910 xv,
251 2835 293 2909 Si
309 2857 437 2908 verum
454 2844 551 2909 esset
568 2835 743 2932 angulum
761 2835 900 2910 factum
918 2860 942 2909 a
959 2846 1060 2910 recta
1077 2837 1144 2910 AB

102 2972 188 3022 cum
206 2971 295 3023 arcu
319 2948 383 3022 BC
403 2960 504 3023 recto
530 2949 710 3023 minorem
741 2973 832 3042 esse,
851 2949 931 3023 lieri
953 2961 1078 3046 posset
1102 2959 1147 3022 ut

102 3059 260 3158 angulus
283 3073 415 3136 acutus
438 3060 670 3135 uniformiter
695 3062 893 3136 crescendo
918 3064 1037 3158 major
1062 3074 1146 3135 tau-

103 3174 188 3249 dem
218 3174 390 3249 evaderet
416 3185 534 3264 recto,
552 3198 740 3272 nunqnam
767 3188 892 3249 tamen
919 3174 972 3248 illi
995 3175 1146 3272 aequalis

102 3299 211 3363 esset.
263 3288 358 3362 Quoe
375 3286 534 3361 absurda
547 3311 592 3361 ex
615 3311 659 3361 eo
676 3298 764 3362 nata
789 3298 886 3378 suut,
914 3287 1013 3384 quod
1037 3298 1146 3384 puta-

101 3412 186 3476 rent
202 3401 337 3475 lineam
354 3399 492 3474 nullam
504 3400 639 3474 habere
655 3400 900 3490 latitudinem,
914 3424 983 3475 nec
1000 3399 1146 3496 siguum

101 3514 215 3588 ullam
241 3512 391 3587 omnino
408 3513 665 3610 quantitatem.

152 3648 244 3701 m.
271 3624 382 3700 Quod
397 3625 552 3721 angulos
575 3627 614 3699 in
632 3637 760 3700 centro
778 3626 903 3723 anguli
930 3626 970 3700 in
991 3627 1147 3701 circum·

100 3739 270 3824 ferentia,
288 3738 320 3812 si
336 3738 538 3835 aequalibus
555 3738 729 3813 insistant
745 3740 913 3831 arcubus,
932 3740 1065 3838 duplus
1084 3741 1145 3832 sit,

102 3852 377 3928 demonstratur
392 3853 439 3926 ab
456 3852 621 3943 Euclide,
639 3853 755 3927 Elem.
771 3853 823 3943 iii,
841 3878 947 3951 prop.
965 3862 1026 3928 20.
1069 3853 1145 3928 No·

100 3968 259 4042 tandum
285 3976 420 4057 autem,
444 3965 492 4039 ad
517 3967 714 4041 essentiam
736 3966 863 4063 anguli
890 3966 930 4039 in
953 3966 1146 4041 circumle

100 4081 223 4155 tentia
241 4102 317 4155 nou
340 4079 479 4177 requiri
499 4091 542 4154 ut
570 4103 679 4154 crura
703 4081 813 4154 ambo
836 4080 1082 4154 terminentur
1105 4080 1145 4153 in

101 4191 410 4267 circumferentia.
451 4189 549 4266 Nam
561 4193 1077 4291 angulusincircumfereutia
1089 4203 1145 4269 est

101 4306 216 4399 DBC,
233 4307 303 4384 etei
319 4315 498 4404 puuctum
515 4308 602 4383 Diu
615 4306 910 4383 circumferentia
926 4331 1000 4382 uon
1016 4307 1076 4382 uit
