2932 5054
423 453 508 506 tux
531 453 851 506 usrnnunrrcn.
1092 436 1164 515 ll7

115 644 259 694 versam
276 620 452 694 evertisse
469 618 634 696 Wallisii.
685 621 884 696 Videamus
898 624 1039 719 jamna
1057 610 1159 694 ever·
1172 644 1377 685 cosrsovsn-

116 747 195 809 tere
210 735 326 832 possit
342 735 521 808 Hobbesii
538 736 713 808 Rosetum
730 735 929 809 Wallisius.
1198 725 1350 828 Q

436 955 759 1008 conrnovunsta
783 956 842 1008 VI.

123 1098 127 1106 ·
164 1072 225 1145 De
250 1071 413 1145 sectione
438 1069 544 1144 linere
568 1080 683 1144 recte
701 1079 869 1145 extrema
894 1079 931 1144 et
955 1069 1077 1143 medio
1096 1095 1160 1144 ra·

114 1185 224 1258 tiarae.
276 1205 427 1257 nosn'rr
446 1184 630 1280 prop.iet
647 1184 686 1257 ii.

164 1298 371 1394 Repetatur
387 1296 464 1391 (fig.
477 1296 531 1386 iii)
548 1295 676 1368 Roscii
692 1297 812 1393 figura
828 1297 865 1386 i·,
883 1297 921 1369 iu
935 1320 1009 1393 qua
1022 1293 1159 1370 ABCD

114 1423 172 1483 est
185 1408 406 1505 quadratum
420 1408 576 1481 divisum
593 1433 615 1481 a
633 1409 744 1482 rectis
764 1410 835 1498 EF,
853 1409 923 1483 GH
943 1409 980 1481 in
1000 1423 1159 1504 quatuor

114 1523 296 1621 quadrata
323 1522 480 1618 aequalia
510 1522 768 1595 concurrentia
793 1523 831 1596 in
857 1521 888 1595 I.
940 1521 1058 1594 Radio
1085 1521 1158 1594 DA

114 1635 322 1732 descriptus
339 1658 446 1707 arcus
464 1633 547 1721 AX,
561 1647 617 1705 est
634 1658 741 1708 arcus
759 1642 807 1708 30
824 1633 1018 1730 graduum.
1043 1634 1065 1707 J
1068 1659 1160 1708 uuo-

113 1761 190 1823 tam
207 1749 277 1822 EX
295 1748 472 1844 aequalem
492 1770 571 1820 esse
589 1747 680 1820 dicit
704 1747 912 1821 Hobbesius
929 1747 1060 1843 majori
1077 1771 1160 1843 seg·

113 1874 240 1937 mento
258 1876 369 1937 rectae
385 1863 446 1935 EF
464 1861 590 1935 divisae
611 1874 775 1935 extrema
795 1873 833 1934 et
856 1860 977 1934 media
1002 1861 1158 1933 ratione.

113 1977 239 2074 Negat
260 1975 457 2049 Wallisius.
507 1975 757 2047 Examinetur.

163 2091 283 2163 Arcus
305 2088 376 2161 Ax
403 2099 459 2161 est
480 2111 588 2161 arcus
617 2096 664 2162 30
689 2087 882 2182 graduum.
934 2087 1062 2159 Reotae
1088 2085 1157 2158 EX

112 2202 265 2300 aqualis
282 2215 339 2275 est
355 2201 433 2274 ΡΧ.
471 2200 598 2274 Rectae
615 2199 671 2272 XI
689 2200 755 2272 fiat
771 2199 921 2297 aequalis
940 2200 1001 2286 ΙΤ,
1019 2199 1158 2272 ducan-

112 2329 250 2413 turque
283 2316 358 2404 ΕΤ,
394 2313 465 2387 Fr.
517 2314 584 2386 Est
614 2336 703 2409 ergo
733 2312 863 2386 EXFT
890 2313 1089 2386 rhombus:
1119 2325 1159 2385 et

112 2429 232 2502 latera
248 2428 327 2524 ejus
341 2427 510 2524 opposita
521 2426 709 2522 parallela.

164 2541 286 2615 Radio
302 2541 368 2613 EX
390 2540 618 2612 describatur
634 2562 740 2611 arcus
757 2538 833 2634 Xy,
845 2561 972 2611 secans
989 2538 1050 2610 EF
1066 2539 1104 2611 in
1120 2563 1157 2634 y.

113 2654 208 2727 Item
240 2652 345 2726 radio
375 2652 453 2739 FX,
481 2652 540 2724 vel
570 2651 646 2739 FT,
679 2651 909 2724 describatur
942 2675 1049 2724 arcus
1083 2652 1156 2723 ex,

113 2766 246 2841 Ductis
261 2789 350 2861 ergo
362 2764 436 2861 Xy,
449 2765 522 2853 Xz,
533 2765 601 2860 yn,
615 2764 680 2853 zT,
695 2765 766 2837 erit
783 2764 900 2859 XyTz
917 2764 1104 2852 rhombus,
1120 2779 1158 2837 et

111 2881 229 2955 latera
243 2881 321 2976 ejus
336 2880 505 2975 opposita
516 2879 707 2975 parallelo:
727 2889 764 2950 et
777 2890 888 2950 rectae
902 2878 982 2964 EX,
997 2879 1064 2972 Ey,
1079 2877 1157 2961 FX,

113 2995 165 3067 Fz
182 3005 271 3068 sunt
288 2992 458 3086 aequales.
511 2992 629 3064 Etiam
649 2991 774 3087 anguli
789 2991 835 3063 ad
847 2991 884 3062 X
898 3005 936 3063 et
947 3016 970 3061 z
983 2989 1159 3084 trianguli

114 3107 205 3180 nxz
229 3104 387 3202 aequales
413 3115 533 3192 erunt,
551 3115 589 3176 et
613 3103 739 3198 anguli
764 3103 810 3176 ad
828 3103 865 3174 X
884 3115 920 3175 et
938 3128 963 3199 y
983 3101 1157 3196 trianguli

112 3221 208 3316 oxy
221 3232 377 3315 uterque
391 3217 537 3310 utrique
551 3216 713 3312 aequalis.
747 3216 841 3288 Sunt
854 3229 976 3289 autem
992 3228 1029 3287 et
1047 3226 1158 3286 rectae

113 3334 180 3430 Fy,
194 3331 250 3404 ΕΖ
267 3330 438 3427 aequales.

164 3446 209 3518 ln
228 3445 338 3517 rectis
356 3441 437 3531 EX,
458 3442 522 3515 FX
545 3454 739 3514 sumantur
762 3442 815 3512 Er
838 3441 886 3511 lu
904 3451 982 3511 tum
1003 3439 1101 3511 inter
1118 3464 1158 3513 se

111 3571 194 3634 turn
208 3571 365 3652 utraque
375 3556 519 3651 utrique
531 3555 690 3650 aequales
704 3552 812 3626 rectis
824 3553 889 3640 Ez,
905 3551 960 3648 Fls
975 3579 983 3623 ε
997 3554 1157 3648 jungan-

112 3688 248 3769 turque
266 3694 320 3758 ra,
331 3694 385 3757 cz,
399 3691 458 3763 ry,
471 3692 527 3761 sy.

163 3787 284 3859 Erunt
298 3806 386 3877 ergo
399 3781 515 3853 latera
527 3781 727 3876 pentagoni
741 3779 813 3850 tria
823 3779 892 3865 Xe,
906 3804 966 3875 yz,
977 3779 1048 3866 rX,
1060 3778 1157 3851 inter

111 3925 152 3974 se
165 3898 322 3996 aequalia
337 3924 346 3968 ε
363 3895 451 3967 item
465 3893 538 3966 duo
556 3893 673 3965 latera
690 3917 745 3988 ys,
760 3917 804 3964 rz
817 3892 914 3964 inter
931 3916 969 3964 se
984 3891 1156 3986 aequalia:

111 4027 151 4088 et
168 4008 356 4106 triangula
372 4007 444 4079 tria
459 4006 553 4095 Xza,
566 4005 664 4101 Xyr,
676 4005 762 4101 sz
779 4004 944 4098 aqualia,
957 4016 994 4076 et
1012 4003 1158 4093 similia,

111 4140 151 4200 et
169 4125 390 4221 aequicrura.

163 4236 421 4313 Producuntur
438 4257 495 4327 ry,
513 4231 576 4327 Xy
593 4230 639 4303 ad
658 4229 828 4301 artatus
847 4226 989 4300 rhombi
1011 4229 1158 4325 opposi-

108 4368 190 4431 tum
208 4350 316 4425 lateri
344 4346 413 4420 EX
439 4345 477 4418 in
499 4354 521 4429 β
542 4354 579 4416 at
598 4366 634 4414 r:
653 4355 834 4438 eruntque
849 4334 898 4412 Fu
915 4341 1022 4412 etXr
1040 4342 1158 4436 paral·
