2932 5054
378 416 563 477 auronor
583 417 854 472 ononnrnrca
873 417 961 471 nro.
1113 406 1186 472 205

547 712 651 786 CAP.
674 712 761 786 XII.

531 887 595 961 De
613 888 811 985 fallaciis.

154 1040 367 1113 Homerum
399 1039 602 1129 verborum,
629 1039 668 1113 id
691 1052 747 1113 est
771 1039 949 1114 sermonis
973 1039 1028 1113 sui
1055 1039 1191 1114 intelli·
1230 1043 1374 1149 Q

151 1165 312 1250 gentem,
330 1151 560 1248 eundemque
589 1177 612 1226 a
637 1153 826 1250 principiis
844 1153 951 1242 veris,
969 1153 1192 1227 definitioni·
1233 1172 1376 1219 vernuciis

152 1266 221 1338 bus
235 1265 318 1338 dico
331 1264 571 1354 naturalibus,
585 1266 840 1362 probationem
857 1290 960 1340 suam
974 1267 1192 1356 ordientem,

152 1379 324 1474 lenteque
350 1377 647 1475 progredientem
675 1379 714 1452 in
742 1380 894 1452 materia
921 1379 1192 1469 mathematica,

152 1503 195 1566 ut
212 1491 276 1564 diu
293 1503 359 1564 aut
381 1514 476 1587 saepe
504 1490 722 1588 decipiatur,
741 1503 853 1588 atque
883 1492 937 1565 ita
961 1503 1005 1565 nt
1029 1492 1195 1567 monitus

153 1603 192 1676 in
209 1626 334 1676 errore
351 1626 417 1676 suo
435 1615 655 1699 perseveret,
675 1602 898 1701 impossibile
915 1603 993 1676 sere
1011 1615 1077 1677 est.

204 1716 337 1790 Nullus
353 1717 392 1790 in
409 1715 610 1806 intellectu,
624 1716 770 1814 proprie
787 1715 984 1813 loquendo,
998 1740 1100 1791 error
1116 1739 1195 1790 esse

155 1838 289 1926 potest.
317 1829 435 1902 'Nam
459 1828 651 1903 intellectu
672 1853 794 1903 errare
815 1829 913 1903 idem
930 1839 986 1903 est
1003 1829 1102 1928 quod
1119 1852 1196 1903 non

156 1941 371 2038 intelligere.
408 1941 561 2039 Lingua,
576 1942 741 2040 pedibus,
753 1943 993 2038 manibusque
1010 1955 1111 2016 recte
1128 1941 1196 2030 nti,

156 2077 232 2127 non
249 2078 272 2127 a
288 2054 464 2150 magistro
482 2054 764 2145 demonstratur,
792 2055 857 2129 sed
886 2056 1092 2129 exercendo
1123 2055 1196 2128 dis-

157 2168 285 2242 cimus
335 2168 384 2240 Et
401 2191 607 2263 quanquam
625 2169 738 2242 verba
754 2180 883 2241 nostra
894 2168 972 2241 sere
989 2168 1112 2242 omnia
1128 2191 1196 2265 pro

157 2281 337 2355 varietate
353 2303 476 2354 rerum
494 2281 539 2354 de
557 2281 688 2377 quibus
711 2281 903 2355 scribimus
920 2294 985 2355 aut
1001 2281 1197 2378 loquimur,

159 2394 464 2491 significationem
492 2405 647 2483 mutent,
664 2394 736 2468 illis
762 2405 887 2468 tamen
910 2395 1021 2486 domi,
1038 2397 1078 2469 in
1096 2418 1197 2493 agro,

159 2509 198 2580 in
211 2507 291 2581 foro
309 2508 447 2580 utimur
464 2507 541 2580 sine
555 2505 710 2580 damno:
729 2507 815 2604 quia
827 2506 875 2580 ad
888 2507 1101 2581 societatem
1112 2508 1197 2581 civi·

159 2621 232 2694 lem
249 2621 510 2716 unusquisque,
528 2621 559 2693 si
584 2619 740 2694 alterum
764 2631 863 2694 recte
889 2620 1081 2718 intelligat,
1109 2621 1197 2694 satis

160 2734 282 2808 babet.

211 2845 330 2920 Aliter
346 2846 388 2918 fit
404 2845 442 2918 in
459 2845 702 2942 philosophia,
720 2845 784 2918 ubi
800 2844 892 2918 nihil
918 2844 1091 2941 quaeritur
1107 2870 1199 2943 prae-

162 2958 453 3034 terrenitatem:
480 2959 664 3056 praecipue
681 2982 780 3048 vero,
807 2957 837 3031 si
865 2957 1114 3032 inventionem
1146 2982 1201 3032 se-

163 3085 298 3172 quatur
312 3071 440 3168 gloria.
474 3071 587 3145 Aliud
599 3084 655 3146 est
672 3071 870 3161 ambulare,
884 3070 984 3144 aliud
1001 3071 1038 3144 in
1056 3069 1202 3144 sublimi

164 3197 479 3283 superextensum
502 3184 628 3258 funem
655 3185 852 3258 ambulare.
904 3183 1073 3258 Alterum
1104 3183 1203 3257 enim

164 3298 271 3373 facile
288 3311 356 3387 est,
374 3308 411 3370 et
428 3296 507 3371 sine
531 3297 664 3371 damno
692 3297 835 3371 etiamsi
852 3297 1052 3371 titubetur:
1080 3296 1203 3393 itaque

165 3410 399 3508 negligentiae
410 3410 526 3484 veniae
543 3410 645 3484 locus
658 3423 725 3484 est.
764 3409 993 3484 Funambulo
1009 3434 1084 3484 non
1101 3410 1202 3483 item.

165 3523 310 3596 Veritas
328 3545 437 3619 super
462 3523 562 3596 filum
584 3521 749 3596 ambulat
774 3522 1029 3596 tenuissimum
1046 3523 1124 3596 sine
1141 3521 1205 3595 illa

167 3635 237 3709 fori
264 3634 459 3709 latitudine
483 3636 754 3732 metaphorica:
780 3637 984 3733 praesertim
1002 3636 1205 3710 mathema-

167 3749 252 3837 tica,
258 3773 340 3846 qnae
354 3748 424 3821 nisi
435 3747 687 3821 definitionum
699 3759 737 3821 et
748 3748 971 3823 axiomatum
982 3749 1206 3847 ponderibus

169 3884 385 3958 quacunque
411 3873 600 3935 moveatur
625 3862 755 3936 libratu
785 3863 844 3953 sit,
862 3887 945 3936 cum
963 3861 1208 3960 spectantium

169 3973 244 4048 risu
261 3973 524 4071 praecipitatur.

225 4088 464 4161 Fallaciarum
499 4111 587 4184 ergo
622 4088 661 4161 in
695 4088 963 4162 mathematicis
996 4088 1208 4185 principalis

171 4223 281 4273 causa
306 4212 343 4273 et
370 4199 666 4296 frequentissima
694 4212 763 4290 est,
796 4201 895 4298 quod
917 4200 1208 4277 ratiocinationis

171 4312 315 4386 initium
333 4326 479 4388 sumant
496 4339 519 4388 a
535 4313 808 4389 definitionibus
824 4340 901 4390 non
921 4314 1127 4405 intellectis,
1144 4326 1209 4389 ant
