2932 5054
525 458 746 510 nursronm.
1085 442 1157 520 279

115 618 161 692 de
190 621 312 696 anima
335 632 374 697 et
394 623 474 698 Deo
505 625 703 722 corporeis,
719 625 765 698 dc
792 624 923 721 spiritu
943 624 1102 715 interno,
1120 637 1158 701 et
1184 637 1335 746 {mg

114 733 256 831 reliqua
289 759 370 832 quae
403 761 566 811 menon
595 748 765 834 tangrmt.
817 738 897 810 lltsi
926 737 1024 811 enim
1058 738 1158 813 dicat
1196 734 1339 807 s-f-a'

114 848 305 921 materiam
335 874 456 924 meam
485 851 657 924 subtilem
687 849 842 924 eandem
869 874 949 924 esse
975 875 1060 924 cum
1090 874 1156 925 suo

114 960 247 1055 spiritu
266 962 425 1051 interno,
449 986 524 1036 non
548 986 697 1059 possum
725 975 849 1036 tamen
877 962 916 1036 id
942 987 1154 1060 agnoscere.

115 1073 250 1163 Primo,
268 1076 354 1171 quia
377 1076 480 1149 illum
502 1076 593 1150 facit
619 1100 766 1150 causam
793 1076 954 1167 duritiei,
972 1101 1056 1150 cum
1074 1100 1158 1152 mea

113 1187 237 1280 potius
250 1210 271 1260 e
283 1201 415 1262 contra
426 1189 581 1263 molitiei
595 1190 644 1263 sit
661 1212 795 1263 causa:
814 1188 960 1278 deinde,
978 1191 1157 1289 quianon

114 1298 221 1373 video
233 1324 306 1397 qua
318 1303 462 1375 ratione
475 1302 544 1376 iste
558 1300 707 1400 spiritus
717 1300 823 1375 valde
836 1301 980 1377 mobilis
993 1304 1158 1401 corpori-

113 1412 182 1486 bus
194 1412 296 1488 duris
308 1415 361 1489 ita
372 1415 511 1488 includi
528 1415 645 1513 possit
662 1427 705 1489 ut
721 1439 910 1513 nunquam
928 1439 974 1490 ex
991 1417 1035 1491 iis
1052 1442 1157 1514 egre-

115 1525 249 1616 diatur,
266 1551 336 1602 nec
354 1519 537 1625 quomodo
550 1528 779 1626 ingrediatur
793 1529 919 1603 mollia
931 1553 1016 1603 cum
1029 1531 1156 1607 dures-

114 1650 214 1712 cunt.
241 1640 428 1716 Sedvenio
437 1643 482 1716 ad
491 1666 536 1717 ea
547 1666 628 1739 quae
639 1642 1155 1740 scribitcontraDioptricom.

164 1752 348 1849 Imprimis
378 1756 431 1829 ait
456 1779 515 1828 me
543 1756 676 1829 clarius
698 1756 907 1830 locuturum
931 1778 1022 1845 esse,
1040 1754 1072 1829 si
1087 1779 1155 1851 pro

116 1864 420 1941 determinatione
460 1880 602 1941 motum
637 1868 924 1944 determinatum
957 1867 1154 1943 dixissem:

116 2001 188 2074 qua
204 1979 244 2052 in
260 2003 302 2052 re
319 1981 389 2077 ipsi
405 2005 481 2053 non
498 1979 689 2055 assentior.
740 1981 820 2055 Etsi
838 1982 935 2055 enim
949 1981 1023 2056 dici
1040 1983 1157 2078 possit

114 2091 346 2166 velocitatem
372 2093 457 2190 pilae
484 2094 530 2167 ab
557 2095 592 2168 A
614 2093 662 2167 ad
689 2094 719 2166 B
744 2095 915 2192 componi
941 2119 987 2169 ex
1015 2094 1156 2170 duabus

115 2204 209 2295 aliis,
230 2206 381 2296 scilicet,
408 2207 456 2280 ab
473 2207 508 2279 A
524 2205 572 2279 ad
589 2207 641 2297 H,
659 2219 697 2281 et
714 2209 760 2281 ab
777 2208 812 2282 A
826 2207 874 2282 ad
891 2207 944 2282 C:
970 2208 1158 2283 abstinen-

116 2316 203 2392 dum
221 2330 346 2393 tamen
362 2320 489 2417 putavi
506 2321 552 2394 ab
574 2321 646 2395 isto
667 2320 776 2396 modo
793 2322 979 2419 loquendi,
996 2321 1157 2397 neforto

115 2429 168 2502 ita
200 2431 479 2527 intelligeretur,
510 2444 555 2506 ut
583 2433 736 2506 istarum
770 2456 832 2506 ve·
888 2502 901 2530 Α

1089 2502 1106 2532 n

115 2541 307 2617 locitatum
336 2545 375 2618 in
409 2556 513 2619 motu
547 2546 599 2619 sic
630 2546 832 2642 composita

116 2657 315 2754 quantitas,
334 2658 496 2731 etunius
513 2657 561 2731 ad
577 2657 731 2731 alteram
749 2681 832 2754 pro·

115 2770 248 2866 portio,
260 2781 482 2844 remaneret:
497 2769 596 2865 quod
609 2769 709 2844 nullo
721 2770 830 2844 modo

116 2895 171 2957 est
187 2907 327 2957 verum.
367 2884 463 2957 Nam
481 2882 524 2972 si,
535 2882 692 2978 exempli
709 2905 831 2969 causa,

114 3021 293 3093 ponamus
314 2998 425 3095 pilam
443 2998 489 3070 ab
507 2996 543 3071 A
559 2996 647 3070 ferri
664 2996 831 3069 dextror-
873 2978 885 3006 ⁰
1110 2984 1123 3012 ⁸

115 3133 197 3184 sum
213 3134 287 3183 uno
300 3109 419 3206 gradu
435 3110 650 3199 velocitatis,
669 3121 707 3183 et
724 3110 831 3184 deor-

115 3246 196 3296 sum
213 3248 287 3296 uno
305 3222 416 3297 etiam
433 3221 563 3319 gradu,
577 3223 767 3319 perveniet
783 3222 832 3296 ad

115 3336 249 3410 Bcum
268 3337 411 3411 duobus
434 3336 609 3433 gradibus
633 3337 831 3411 celeritatis
1091 3436 1106 3466 ο

115 3449 245 3523 eodem
273 3463 438 3546 tempore
459 3475 531 3547 quo
558 3450 640 3538 alia,
659 3473 741 3545 quae
757 3450 831 3523 fer·
888 3442 902 3471 ⁰

113 3576 217 3638 retur
233 3564 344 3636 etiam
361 3563 408 3637 ab
422 3564 456 3635 A
470 3563 699 3636 dextrorsum
720 3587 794 3636 uno
811 3564 930 3660 gradu
947 3563 1156 3652 celeritatis,

114 3691 153 3750 et
188 3677 357 3750 deorsum
385 3676 541 3766 duobus,
568 3675 756 3772 perveniet
786 3677 835 3749 ad
863 3677 895 3750 G
924 3700 1009 3750 cum
1038 3676 1157 3749 tribus

112 3790 288 3884 gradibus
306 3789 515 3863 celeritatis.
568 3789 675 3863 Unde
694 3800 920 3887 sequeretur,
937 3790 1071 3862 lineam
1090 3789 1156 3862 AB

113 3925 192 3974 esse
222 3901 269 3973 ad
299 3901 366 3974 AG
393 3914 436 3974 ut
463 3911 485 3975 2
509 3900 557 3974 ad
581 3911 621 3975 3:
653 3926 734 3998 quae
760 3915 886 3977 tamen
913 3914 968 3977 est
996 3914 1039 3976 ut
1061 3911 1084 3977 2
1109 3902 1159 3978 ad

111 4041 144 4089 r.
164 4024 219 4101 10,
238 4029 309 4090 etc.

162 4127 275 4203 Quod
301 4128 354 4201 ait
383 4139 521 4223 postea,
540 4140 677 4201 terram
701 4128 832 4202 tollere
849 4128 1076 4202 celeritatem
1094 4125 1158 4199 de·

111 4265 250 4330 orsum,
268 4252 324 4314 est
342 4251 472 4314 contra
484 4241 735 4337 hypothesim:
761 4242 937 4338 supposui
955 4239 1053 4312 enim
1066 4237 1159 4311 nihil

112 4356 221 4450 plane
248 4354 294 4428 de
312 4354 500 4429 celeritate
524 4353 693 4428 detrahi:
721 4367 758 4428 et
786 4364 917 4428 contra
933 4376 1080 4426 omnem
1098 4374 1160 4424 ex·
