2932 5054
462 459 701 513 eunomus
722 462 910 518 oenone.
1129 456 1202 534 227

522 791 771 845 PROPOSITIO
791 795 847 848 v1.

161 928 344 1003 Rodiuee
369 931 487 1005 medio
511 957 603 1006 roro
632 935 797 1009 incidens
820 937 963 1036 oblique
983 941 1021 1014 io
1045 944 1200 1018 medium

210 1043 373 1133 densius,
393 1047 496 1141 cujus
514 1049 733 1145 superficies
744 1047 866 1148 pleno
883 1062 951 1142 eet,
970 1055 1200 1155 refringitur

208 1180 337 1229 versos
347 1160 669 1256 perpendiculum.

209 1306 266 1379 Sit
283 1309 348 1381 ΕΙ)
365 1322 467 1383 recta
484 1312 522 1383 in
546 1312 738 1408 superficie
754 1312 864 1408 plana
883 1316 992 1390 medii
1011 1318 1199 1411 densioris,
1242 1353 1326 1394 mou.
1341 1352 1383 1393 v1.

158 1417 211 1491 ito
228 1434 271 1494 ut
288 1422 388 1518 quod
405 1436 462 1496 est
484 1448 596 1520 supra
613 1426 677 1498 ED
695 1427 743 1499 sit
769 1427 929 1500 medium
953 1433 1082 1520 tarino,
1100 1438 1200 1530 quod
1238 1423 1382 1457 ψ

157 1530 263 1619 iufra,
290 1533 451 1608 densius.
497 1537 626 1632 Sitque

157 1646 195 1719 iu
214 1648 333 1722 medio
352 1675 434 1724 raro
458 1651 556 1724 linea
573 1652 626 1724 lu-

157 1760 208 1833 cis
238 1761 344 1858 (putu
377 1764 463 1837 solis
491 1765 626 1838 diame-

156 1879 269 1965 trum)
293 1876 371 1964 AB,
390 1901 412 1949 a
428 1902 501 1976 qua
521 1889 627 1950 exeat

155 1987 278 2060 radius
296 1990 400 2084 cujus
416 1990 532 2064 latera
549 1992 625 2079 ΑΕ,

156 2099 222 2171 BD
240 2101 313 2173 sint
330 2101 377 2174 od
390 2103 456 2176 AB
474 2127 627 2200 perpen-

156 2212 343 2303 diculario‚
357 2228 395 2288 et
412 2216 460 2289 ad
477 2218 627 2313 plenum

154 2325 220 2398 ΕΙ)
230 2327 388 2423 obliqua.
420 2330 627 2426 Propagato
793 2415 796 2422 .

154 2439 269 2534 igitur
294 2442 411 2514 altero
435 2441 527 2514 lucis
551 2452 626 2514 ter·
738 2492 768 2526 ,,,.

155 2553 254 2625 mino
288 2553 336 2626 ed
374 2554 525 2650 planum
560 2555 625 2627 ΕΙ)

153 2665 192 2737 iu
209 2677 348 2762 puncto
371 2668 417 2754 D,
434 2669 527 2741 aiter
550 2681 625 2740 ter·
692 2631 723 2722 s
827 2660 840 2687 ⁸

154 2779 274 2851 minus
302 2802 377 2852 non
408 2780 626 2876 propagabi-

153 2902 214 2966 tur
231 2893 339 2966 simul
356 2893 404 2967 ad
421 2895 571 2991 plenum
588 2893 626 2965 in
716 2939 729 2966 n

154 3006 195 3091 Ε,
229 3005 293 3078 sed
326 3007 515 3102 perveniet
545 3017 626 3079 tan-

153 3129 232 3191 tum
261 3118 308 3191 ad
331 3120 371 3206 C,
395 3119 448 3191 ita
474 3131 517 3191 ut
542 3118 607 3190 AC
635 3117 682 3189 sit
707 3119 856 3214 aequalis
883 3120 960 3192 BD.
1014 3118 1198 3192 Produeta

152 3243 254 3303 reeta
278 3233 356 3317 BD,
379 3233 446 3305 fiat
477 3232 548 3304 DH
579 3231 728 3327 aequolis
757 3244 866 3305 rectae
892 3233 963 3304 ΟΕ.
1017 3233 1056 3304 si
1084 3232 1198 3327 igitur

153 3344 313 3417 medium
332 3356 514 3418 mutatum
532 3367 606 3416 non
626 3358 734 3429 esset,
750 3345 896 3441 quando
911 3345 1088 3417 terminus
1105 3345 1196 3416 lueis

153 3458 427 3554 Apropagatus
454 3468 549 3530 esset
576 3456 623 3529 ad
651 3459 692 3545 Ε,
721 3458 814 3530 alter
844 3458 1022 3530 terminus
1047 3458 1197 3556 deberet

152 3594 230 3643 esse
247 3572 286 3643 iu
306 3573 355 3661 H,
376 3572 569 3644 immersus
591 3570 730 3644 seilicet
756 3572 823 3645 sub
840 3572 950 3666 plano
977 3571 1042 3643 ΕΙ)
1060 3579 1197 3665 quanto

152 3697 210 3757 est
239 3684 415 3758 distantia
443 3683 594 3757 minimo
620 3683 718 3755 inter
745 3696 924 3779 punctum
951 3684 986 3755 H
1016 3682 1073 3754 vel
1104 3682 1134 3754 C-
1159 3691 1197 3753 et

150 3810 289 3870 rectam
316 3799 394 3884 ΕΙ),
410 3798 468 3870 vel
492 3798 589 3869 iuter
619 3795 772 3868 eandem
800 3810 942 3870 rectam
969 3797 1034 3868 ΕΙ)
1062 3807 1101 3867 et
1127 3793 1197 3867 sibi

150 3911 362 4006 parallelum
376 3910 451 3983 lH.
504 3909 689 3983 Quoniam
703 3934 791 3982 vero
803 3911 1021 4006 supponitur
1035 3908 1197 3980 medium

151 4024 219 4096 sub
237 4024 347 4120 plano
366 4024 431 4096 ΕΙ)
451 4023 597 4096 densius
615 4046 725 4117 quam
740 4023 838 4119 quod
862 4047 984 4118 supra,
1003 4034 1041 4094 et
1062 4045 1196 4117 propa·

150 4137 232 4231 gari
249 4136 462 4210 debiliorem
481 4149 621 4209 motum
639 4137 678 4208 in
696 4136 812 4208 denso
824 4159 933 4231 quam
951 4136 989 4207 in
1000 4158 1096 4221 raro,
1108 4145 1197 4206 tune

150 4249 298 4344 quando
325 4249 430 4323 lineo
459 4250 553 4322 lucie
571 4249 751 4322 terminus
770 4249 804 4321 A
822 4262 878 4322 est
900 4250 938 4321 in
955 4248 998 4337 Ε,
1018 4247 1088 4319 erit
1104 4247 1198 4319 ulter

151 4375 330 4450 terminus
354 4376 384 4448 B
411 4377 505 4449 inter
524 4376 560 4447 H
590 4385 629 4448 et
654 4375 700 4462 D,
724 4385 816 4471 puto
842 4377 881 4448 in
902 4376 943 4448 1..
995 4375 1094 4469 Ergo
1124 4384 1198 4447 ter-

1037 4511 1064 4568 Q
1083 4507 1098 4549 Ε
