2932 5054
265 1005 321 1056 AD
336 1005 582 1061 uoemssntos
597 1007 777 1072 AHOSQUB
793 1009 902 1064 vlnus
919 1012 1101 1068 muneres

407 1171 439 1247 E
467 1169 745 1248 SOCIETATE
772 1174 964 1254 REGALI

217 1368 280 1427 AD
302 1368 527 1432 SCIENTIAS
547 1368 870 1435 PROMOVENDAS
890 1322 1138 1437 lNSTITlJTA.

583 1589 782 1618 a}

110 1743 408 1820 ansrrrrsms
428 1745 682 1843 Philosophiae,
695 1747 764 1822 viri
781 1747 1007 1839 nobilissimi,
1018 1749 1066 1821 ne
1079 1749 1249 1846 cuiquam

112 1889 177 1951 aut
195 1877 358 1951 studium
376 1891 441 1952 aut
456 1902 591 1952 nomen
607 1880 697 1976 ejus,
715 1879 811 1954 siout
828 1880 925 1969 olim,
943 1880 1101 1955 ludibrio
1120 1882 1168 1954 sit
1190 1881 1250 1955 vel

112 2010 350 2083 inhonestum
367 2012 558 2085 habeatur.
609 2012 802 2086 Infamiam
819 2013 918 2086 illam
933 2014 1111 2111 dignitate
1127 2026 1251 2090 vestra

112 2144 347 2217 abstersistis.
400 2144 644 2219 Scientiarum
663 2145 791 2220 studiis
809 2148 999 2220 materiam
1016 2161 1055 2222 et
1072 2148 1251 2245 supellee-

111 2277 216 2351 tilem
233 2278 450 2374 prebuistie
501 2278 695 2352 Societatis
720 2303 852 2376 corpus
873 2280 955 2353 luce
972 2294 1094 2354 vestra
1109 2280 1251 2355 illustre

113 2412 322 2509 exterisque
338 2413 510 2510 gentibus
528 2413 765 2511 conspicuum
783 2413 1014 2488 reddidistis:
1041 2415 1094 2488 ita
1109 2429 1151 2490 ut
1167 2440 1251 2514 quae

113 2545 153 2618 in
170 2546 343 2642 operibus
370 2546 522 2620 Naturae
547 2546 727 2620 mirabilia
756 2560 820 2620 aut
847 2571 942 2621 nova
964 2549 1173 2645 ubicunque
1195 2549 1250 2622 in·

113 2690 227 2752 venta
244 2690 341 2769 sunt,
353 2679 400 2754 ad
413 2679 634 2754 Societatem
648 2691 807 2753 vestram
820 2680 1048 2776 potissimum
1060 2683 1249 2756 transmit-

113 2827 256 2902 tantur,
274 2823 311 2886 et
335 2813 521 2887 decausis
547 2837 673 2887 eorum
696 2813 836 2909 judicia
852 2824 974 2887 vestra
996 2824 1249 2910 expectentur.

114 2948 309 3045 ingenium
326 2972 433 3021 suum
450 2973 473 3021 a
488 2947 591 3022 vobis
606 2946 854 3042 unusquisque
872 2946 1029 3042 spectari
1047 2959 1085 3019 et
1101 2945 1250 3042 probari

112 3081 239 3178 magni
272 3082 439 3155 aestimat.
490 3081 609 3155 Unius
631 3078 826 3153 alteriusve
849 3077 1052 3152 Geometrae
1070 3078 1128 3152 vel
1156 3078 1250 3176 Phy-

111 3214 180 3288 sici
199 3212 516 3287 commendatione
534 3211 582 3284 ad
598 3211 760 3284 studium
786 3210 1028 3307 Philosophiae
1052 3210 1161 3307 pauci
1188 3234 1252 3285 ex-

112 3349 287 3422 citantur.
324 3346 532 3436 Nimirium,
550 3346 621 3419 hoc
639 3347 758 3442 ipsum
772 3345 948 3442 augendae
962 3346 1123 3419 scientiae
1137 3369 1250 3420 unum

113 3495 153 3556 et
178 3506 354 3579 magnum
376 3481 629 3578 adjumentum
652 3491 720 3566 est,
738 3479 837 3575 quod
863 3478 912 3552 ad
933 3479 1083 3575 negotia
1105 3479 1253 3575 publica

114 3617 192 3689 nati
212 3628 249 3689 et
277 3616 437 3689 instituti
454 3613 662 3688 hominibus
686 3613 760 3686 otio
778 3612 1050 3685 abundantibus
1064 3611 1110 3685 ad
1128 3613 1252 3686 colen-

114 3752 200 3825 dam
217 3749 486 3847 philosophiam
502 3748 643 3821 animos
659 3746 863 3834 addidistis,
877 3746 954 3819 sine
968 3771 1122 3844 quorum
1140 3747 1252 3845 longo

113 3903 151 3961 et
167 3887 385 3959 vehemente
408 3883 531 3957 studio
559 3906 677 3979 neque
706 3880 917 3955 Geometria
947 3906 1066 3979 neque
1085 3883 1251 3978 Physica,

110 4019 243 4115 quibus
271 4016 391 4091 omnis
418 4013 574 4087 scientia
608 4011 782 4085 naturalis
813 4011 1035 4099 continetur,
1066 4003 1251 4106 expectari

112 4163 245 4249 potest.
298 4151 428 4246 Neque
447 4171 533 4220 vero
551 4146 598 4219 ab
622 4145 693 4217 illis
716 4156 882 4239 tempore
904 4155 942 4216 et
959 4142 1081 4216 studio
1099 4150 1253 4240 quanto·

114 4309 257 4383 cunque
275 4284 355 4357 sine
374 4306 443 4378 ope
461 4291 583 4355 vestra
600 4278 763 4353 scientiae
781 4278 849 4350 illae
867 4288 941 4350 tam
968 4275 1144 4363 difficiles
1163 4295 1252 4371 qua-
