2932 5054
523 434 858 489 nccnnsmsrrcs.
1136 423 1207 502 375

171 592 239 661 Cur
252 617 316 660 non
331 605 365 661 et
379 595 446 662 sine
462 605 494 662 te
508 596 603 663 liceat
616 598 695 663 mihi
709 621 821 685 cogere
837 621 997 686 quemque

215 693 377 773 Vestnrm,
394 695 480 779 quod
495 706 602 782 sperat
615 719 759 781 quoerere
772 721 860 765 more
874 702 970 766 meo?

171 792 266 874 Quod
281 794 309 858 si
323 794 489 880 praeceptis
504 817 570 860 rem
585 804 708 860 tantam
723 797 850 865 credere
865 799 980 867 vestris

212 892 349 959 Insanus
363 894 499 979 cupiam,
515 893 588 978 quis
601 894 680 959 mihi
694 895 810 963 ductor
823 898 909 964 erit?

170 990 256 1055 Nam
270 992 348 1057 dum
362 993 514 1058 continuo
529 992 689 1079 pugnatis,
705 995 811 1062 nescio
826 997 936 1082 cujum

214 1089 292 1156 Sum
307 1114 419 1177 pecus:
445 1104 478 1157 et
493 1092 602 1158 videor
621 1094 766 1160 neutrius
780 1117 848 1162 esse
862 1095 949 1162 mihi.

170 1189 243 1255 Hoc
258 1191 331 1266 scio,
348 1215 418 1256 surn
435 1189 576 1258 Christi:
600 1192 656 1276 qui
667 1193 765 1278 jussit
777 1195 908 1282 regibus
921 1218 1031 1263 omnes

212 1288 407 1355 Auscultare
421 1290 495 1356 suis.
540 1290 615 1356 Rex
629 1291 707 1356 mihi
721 1301 827 1360 rector
835 1294 908 1372 erit,

168 1387 242 1452 Rex
256 1388 334 1452 mihi
349 1399 453 1456 rector
468 1389 530 1454 erit
544 1389 649 1457 vocis:
673 1413 763 1457 mens
776 1391 877 1458 libera
891 1392 950 1460 soli

211 1485 343 1554 Parebit
356 1488 507 1566 Domino,
522 1512 587 1574 quo
602 1489 681 1556 velit
694 1489 748 1557 ille
762 1491 867 1557 modo.
1142 1493 1206 1559 970

167 1584 193 1650 J
193 1608 245 1650 am
258 1586 367 1652 divina
381 1587 482 1655 Libro
496 1588 610 1653 defixit
622 1589 727 1675 gratia
743 1587 850 1668 Sacro,

212 1682 317 1766 Quam
333 1690 464 1753 servabo
478 1686 592 1752 Fidem
604 1711 613 1763 3
636 1687 665 1752 si
679 1696 786 1753 tamen
800 1688 855 1755 ille
868 1688 957 1755 velit.

170 1783 284 1865 Quam,
300 1796 388 1871 puto,
403 1786 569 1853 doctorum
584 1787 743 1852 sententia
756 1787 845 1853 nulla
857 1788 988 1876 refiget3

212 1882 275 1948 Sed
290 1906 349 1950 nec
363 1908 401 1951 eo
415 1885 528 1971 patriae
538 1885 613 1969 jura
627 1888 743 1951 tenebo
757 1885 872 1952 minus.

169 1980 257 2063 Quid
271 1983 362 2049 nobis
378 1983 489 2060 Arius,
506 1983 584 2068 quid
599 1982 824 2051 Athanasius?
860 1983 1036 2073 Reperipur

209 2080 250 2144 In
265 2082 331 2148 solo
346 2106 434 2149 sacro
449 2083 555 2149 codice
570 2083 665 2169 plena
678 2083 773 2149 salus.

169 2179 265 2245 Unde
279 2180 379 2266 igitur
392 2182 527 2248 Patrum
541 2182 699 2248 discordia
711 2192 804 2248 tanta
817 2182 961 2268 profecta
973 2191 1032 2258 cst,

212 2278 247 2345 Si
260 2304 324 2345 non
340 2282 470 2347 ambitio
485 2281 623 2346 maxima
637 2304 732 2347 causa
745 2281 846 2369 fuit?-

168 2378 341 2465 Indignum
355 2381 456 2447 doctis
471 2404 535 2446 non
550 2404 640 2467 reges
655 2403 723 2447 esse
738 2382 897 2467 putabant

209 2478 412 2565 Philosophi:
436 2479 592 2565 pecudum
608 2502 664 2545 nos
679 2479 816 2546 habuere
831 2479 909 2545 loco.
1142 2479 1206 2541 980

166 2579 226 2642 Pr.
250 2577 331 2643 Post
344 2577 430 2644 hunc
445 2577 710 2662 Theudosiusque
725 2600 868 2663 puerque
883 2576 1131 2643 Valentinianus

208 2677 425 2762 (Theudosius
441 2677 597 2764 Magnus)
611 2689 735 2762 sceptra
748 2676 885 2742 habuere
901 2677 1002 2742 simul.

168 2775 300 2842 Vicerat
314 2776 366 2841 hic
381 2774 531 2852 Gotthos,
547 2786 580 2842 et
594 2799 648 2841 eos
663 2775 779 2841 servire
795 2774 900 2861 coegit

210 2875 334 2952 Victos,
349 2877 404 2942 scd
419 2887 504 2942 certa
519 2875 709 2950 conditione,
726 2873 795 2939 sihi.

168 2974 232 3039 Hic
247 2985 281 3039 ct
295 2973 432 3040 Iberinis
446 2975 546 3039 victas
560 2974 696 3059 ejecerat
711 2972 795 3038 arvis

210 3072 333 3141 Gentes
349 3074 551 3147 Vandalicas,
567 3072 754 3138 haereticum
769 3070 931 3158 populum.

167 3172 298 3259 Imperii
312 3197 435 3239 summa
449 3172 568 3238 meruit
582 3171 701 3236 virtute
717 3192 882 3236 coronam:

208 3273 233 3338 J
235 3296 292 3338 ure
306 3273 402 3337 etiam
418 3271 524 3338 tenuit
538 3293 612 3336 cum
627 3269 686 3335 sibi
702 3269 799 3334 dante
813 3268 892 3354 pari.

167 3371 351 3438 Catholicae
365 3372 437 3449 suit,
450 3383 484 3436 et
499 3370 637 3435 multum
652 3369 815 3453 praebchat
829 3367 980 3432 honorem

209 3469 356 3535 Praelatis
371 3470 488 3535 sanctis
503 3468 542 3533 de
556 3490 654 3554 grege
670 3466 847 3533 Catholico.

167 3568 201 3633 N
203 3592 239 3635 cc
253 3570 314 3634 nisi
329 3569 475 3635 concordi
491 3569 640 3633 censebat
654 3566 755 3631 milite
769 3564 854 3631 bella

210 3668 332 3737 Contra
346 3669 515 3735 concordes
530 3690 679 3752 prospera
692 3687 783 3752 posse
798 3663 874 3751 geri

168 3768 230 3833 llis
248 3767 412 3854 Synodum
427 3767 529 3832 causis
544 3765 669 3830 indixit
716 3763 894 3849 Episcopus
908 3757 1011 3825 omnis

209 3867 519 3953 Constantinopolin,
530 3867 638 3951 jussas
653 3864 749 3939 adire,
765 3862 862 3929 venit

169 3966 306 4052 Spiritus
321 3967 372 4033 hic
389 3966 525 4032 Sanctus
540 3963 721 4030 decernitur
736 3985 803 4028 esse
818 3959 968 4026 colendus

210 4066 260 4131 Ut
273 4066 374 4143 Deus,
391 4079 424 4131 et
438 4065 523 4130 credi
539 4064 577 4129 de
593 4086 725 4128 numero
740 4084 807 4127 esse
822 4059 894 4124 Dei

168 4165 233 4231 llic
248 4189 376 4250 quoque
391 4166 559 4229 firmantur
576 4162 723 4249 Synodus
738 4161 866 4225 decreta
880 4156 1013 4221 Niccnoe

210 4266 345 4332 Omnia:
371 4263 597 4333 Christicolum
613 4261 839 4348 perficiturque
853 4256 961 4321 Fides.

168 4363 248 4430 Post
261 4365 347 4431 hunc
361 4363 511 4430 successit
527 4361 690 4427 Honorius
707 4357 940 4441 Arcadiusque,
