2932 5054
339 398 525 467 Acrouor
544 400 814 460 ononnrrucs
831 393 924 458 'arc'
1078 379 1147 465 173

117 594 209 646 11
236 571 434 649 Quantitas
463 565 590 672 anguli
610 573 792 648 rectilinei
815 584 871 648 est
886 559 1073 671 quantitas
1089 594 1149 646 ra-
1202 594 1271 637 css
1286 585 1328 634 v

110 684 224 759 tionis
256 708 367 782 quam
399 686 512 761 habet
541 686 839 762 circumferentia
866 686 1073 783 intercepta
1101 684 1150 759 ad
1195 718 1333 778 numm

110 798 238 872 circuli
251 798 499 896 perimetrum.

162 933 226 984 111.
254 911 392 1008 Anguli
415 936 503 1011 ergo
529 914 715 1010 quantitas
741 937 815 988 non
833 924 890 987 est
905 912 1014 1001 linea,
1032 934 1151 1008 neque

110 1024 334 1121 superficies,
351 1047 470 1121 neque
487 1026 666 1110 solidum;
692 1025 757 1100 sed
784 1025 972 1123 quantitas
998 1024 1152 1098 rationis

110 1159 222 1234 quam
249 1137 361 1213 habet
389 1138 571 1213 revolutio
598 1138 693 1212 radii
718 1137 767 1212 ad
800 1138 954 1214 alteram
986 1137 1153 1234 ejusdem

110 1250 390 1325 revolutionem.

118 1420 120 1425 .
162 1386 221 1439 1v.
249 1362 397 1437 Chorda
422 1364 560 1462 anguli,
574 1412 576 1417 -
590 1364 909 1452 circumferentia,
938 1363 999 1439 vel
1032 1386 1151 1453 arcus,

111 1486 170 1550 est
186 1488 290 1549 recta
305 1475 403 1549 linea
419 1500 502 1574 quae
512 1475 706 1572 conjungit
720 1476 794 1550 duo
806 1475 981 1573 quaelibet
997 1475 1154 1550 circum-

111 1589 280 1664 ferentiae
293 1600 443 1686 puncta.
487 1591 539 1664 Ut
556 1590 588 1663 si
600 1601 713 1664 rectae
730 1590 804 1663 sint
820 1591 898 1684 (fig.
908 1590 945 1684 1)
958 1590 1006 1664 ab
1024 1588 1159 1662 eodem·

113 1714 256 1802 puncto
271 1702 350 1791 AB,
368 1700 435 1790 Ab,
459 1702 535 1790 Ac,
552 1713 591 1776 et
607 1703 763 1800 angulus
780 1701 881 1775 ABD
894 1714 1029 1792 rectus,
1047 1724 1154 1775 arcus

114 1827 241 1890 autem
266 1812 376 1888 BbC:
403 1826 493 1889 tunc
511 1826 615 1888 recta
635 1815 698 1888 BC
721 1827 777 1889 est
799 1813 939 1888 chorda
963 1814 1155 1888 sivesuh-

115 1939 221 2005 tensa
237 1952 344 2002 arcus
363 1927 436 2019 BC,
454 1940 494 2001 et
511 1940 615 2002 recta
632 1926 686 2001 Bb
703 1929 843 2003 chorda
858 1951 965 2003 arcus
983 1926 1049 2002 Bb.
1157 1939 1160 1943 ’

167 2065 206 2117 v.
235 2042 343 2117 Sinus
366 2052 488 2115 rectus
516 2040 820 2116 circumferentiae
843 2052 900 2115 est
926 2051 1029 2114 recta
1045 2038 1157 2114 ducta

116 2156 165 2230 ab
198 2177 273 2228 uno
301 2155 461 2230 termino
495 2153 798 2228 circumferentiae
832 2153 881 2229 ad
916 2153 1060 2227 radium
1094 2151 1158 2248 qui

116 2265 253 2342 mansit
285 2289 352 2364 per
384 2267 583 2342 terminum
609 2267 766 2342 alterum
795 2266 1159 2365 perpendiculariter?

119 2379 173 2456 Ut
191 2379 244 2452 Be
259 2379 318 2453 vel
334 2377 383 2452 ab
401 2391 457 2453 est
473 2380 574 2453 sinus
591 2388 713 2452 rectus
729 2403 836 2453 arcus
854 2377 920 2454 Bb.
1034 2430 1037 2436 -

169 2516 228 2569 vr.
254 2494 391 2568 Secans
408 2515 514 2567 arcus
530 2491 588 2565 vel
615 2491 921 2567 circumferentia
947 2503 1004 2567 est
1019 2504 1158 2569 rectae

118 2618 248 2683 centro
265 2605 377 2680 ducta
392 2628 586 2703 perunum
603 2606 801 2680 terminum
818 2630 936 2696 arcus,
954 2606 1001 2681 ad
1019 2621 1158 2682 rectam

120 2745 204 2820 quae
233 2718 544 2817 perpendicularis
566 2717 715 2792 ducitur
737 2718 775 2792 in
797 2719 955 2795 termino
978 2721 1094 2797 altero
1111 2719 1159 2794 ad

120 2833 276 2909 radium.
329 2831 381 2906 Ut
397 2832 466 2905 AD
484 2845 541 2905 est
555 2855 683 2906 secana
700 2855 806 2906 arcus
824 2832 898 2907 ΒΟ.

171 2968 249 3022 vn.
274 2946 446 3043 Tangeris
475 2969 581 3019 arcus
612 2956 669 3019 est
702 2969 783 3042 quae
816 2945 1047 3043 intercipitur
1075 2970 1160 3043 pars

120 3071 234 3134 rectae
250 3058 347 3133 illios
363 3081 444 3155 quae
461 3058 609 3133 ducitur
631 3059 678 3133 ab
700 3059 807 3133 initio
831 3082 938 3132 arcus
964 3058 1160 3157 perpendi-

122 3173 308 3248 culariter.
362 3172 414 3245 Ut
439 3169 508 3247 BD
533 3185 590 3248 est
614 3183 769 3271 tangens
799 3197 905 3247 arcus
924 3172 1000 3264 BC,
1018 3174 1078 3247 vel
1095 3196 1161 3246 an-

172 3421 269 3473 vm.
294 3398 536 3473 Manifestum
552 3399 640 3474 hinc
657 3409 724 3491 est,
743 3399 862 3473 sinum
886 3411 1028 3474 rectum
1053 3423 1167 3473 arcus·

123 3514 374 3610 cujuscunque
402 3535 482 3586 esse
513 3511 704 3585 dimidium
734 3512 881 3586 chorda
910 3537 1017 3586 arcus
1047 3512 1162 3610 dupli,

124 3625 200 3699 sive
218 3623 393 3697 chordam
411 3646 518 3696 arcus
535 3623 712 3719 aequalcm
729 3646 808 3697 esse
823 3625 934 3721 duplo
951 3625 1048 3699 sinui
1060 3637 1163 3699 recto
1291 3675 1293 3681 -

124 3760 232 3811 arcus
261 3734 414 3809 dimidii.
467 3733 521 3809 Ut
541 3736 584 3809 si'
598 3758 704 3809 arcus
726 3734 779 3809 Bb
803 3737 851 3810 sit
872 3738 1031 3812 semissis
1056 3762 1163 3814 arcus

126 3850 201 3940 BC,
219 3849 290 3923 erit
308 3848 420 3946 dupla
436 3847 485 3922 ab
502 3849 651 3945 aequalis
669 3849 816 3924 chordae
835 3850 909 3925 BC.

175 3988 236 4039 rx.
263 3966 380 4037 Arcus
396 3963 518 4038 minor
533 3963 581 4036 ad
595 3986 697 4036 suam
715 3962 889 4036 chordam
903 3965 1082 4037 minorem
1099 3965 1165 4038 ha

124 4080 190 4153 het
217 4078 399 4153 rationem
423 4101 533 4175 quam
558 4100 666 4150 arcus
686 4078 813 4174 major
827 4076 875 4150 ad
900 4100 1015 4149 suam.
1066 4077 1165 4151 Nam

125 4192 222 4266 ratio
250 4213 357 4265 arcus
384 4190 447 4264 Bc
463 4191 511 4265 ad
538 4189 713 4264 chordam
741 4213 845 4263 suam
870 4188 932 4263 BG
955 4190 1082 4263 eadem
1108 4203 1165 4266 est

125 4331 208 4403 quae
230 4303 286 4379 Bb
310 4303 453 4400 dimidii
480 4328 587 4397 arcus
611 4304 675 4378 BC
700 4303 749 4378 ad
775 4302 963 4378 dimidiam
988 4304 1165 4379 chordam
