2932 5054
523 438 745 490 narsronn.
1085 425 1157 491 295

112 604 221 678 aliter
238 630 347 702 quam
366 606 404 679 in
423 630 507 680 mea
524 607 729 705 Dioptrica
746 605 958 696 traduntur,
975 629 1044 702 pro
1061 605 1158 678 veris
1188 612 1340 723 fflssfflff

112 732 150 789 et
167 731 268 792 recte
286 719 546 793 demonstratis
564 719 774 806 admittant,
788 719 900 792 officii
913 719 987 791 mei
1003 742 1082 792 esse
1096 742 1159 793 ex·
1198 693 1343 781 »θη-ν’

111 833 235 906 istimo
252 833 415 906 breviter
438 834 498 907 hic
522 857 671 906 monere
690 833 821 929 quihus
839 856 887 906 ex
905 832 1002 906 notis
1028 855 1159 905 aurum

111 946 157 1018 ab
176 945 362 1019 orichalco
381 946 548 1043 dignosci
566 946 693 1041 possit.

163 1059 206 1131 ln
220 1060 293 1132 fine
307 1059 386 1131 folii
400 1070 423 1133 3
438 1060 555 1132 utitur
565 1058 672 1131 valde
686 1058 787 1131 inani
800 1059 955 1144 ratione,
969 1070 1011 1131 ut
1024 1057 1160 1130 refutet

110 1170 150 1243 id
161 1170 261 1266 quod
273 1171 403 1268 scripsi
416 1172 554 1268 pagiua
571 1180 630 1244 19:
647 1171 797 1268 “quia’'‚
812 1172 946 1268 inquit,
958 1179 980 1210 “
990 1194 1159 1268 sequere·

110 1296 172 1357 tur
188 1284 274 1379 pilae
291 1286 410 1358 inesse
428 1284 655 1358 intellectum
668 1309 793 1357 rerum
808 1285 1158 1381 geometricorum’:

110 1411 286 1494 tauquam
307 1398 337 1470 si
361 1422 406 1471 ex
424 1421 468 1470 eo
486 1397 587 1494 quod
604 1397 743 1493 aliquid
768 1399 834 1471 fiat
851 1399 889 1470 in
906 1409 1039 1471 natura
1054 1400 1161 1492 juxta

109 1510 210 1606 leges
226 1512 452 1607 geometriae,
477 1523 654 1605 sequatur
670 1511 811 1584 idcirco
828 1511 867 1583 id
886 1513 1103 1609 corporibus
1121 1513 1160 1585 in

110 1625 241 1721 quibus
259 1624 298 1697 id
315 1626 359 1697 fit
376 1647 454 1697 esse
479 1624 719 1697 intellectum.
771 1625 850 1720 Ego
868 1649 955 1699 vero
974 1625 1064 1697 satis
1082 1648 1160 1698 esse

110 1738 238 1833 putavi
255 1738 303 1811 ad
321 1737 651 1811 demonstrandum
664 1737 754 1834 quid
771 1738 888 1826 fieret,
903 1737 1001 1834 quod
1015 1761 1159 1834 geome-

111 1850 193 1924 triae
208 1851 309 1948 leges
322 1851 500 1925 docerent
517 1851 570 1923 ita
587 1851 667 1924 fieri
683 1861 855 1946 oportere
871 1879 880 1923 ε
899 1874 967 1924 nec
982 1850 1043 1923 ille
1057 1850 1160 1946 quic-

111 1986 220 2057 quam
234 1964 321 2038 novi
335 1965 395 2038 hic
410 1966 530 2052 affert,
545 1963 610 2037 sed
625 1975 770 2037 tautum
784 1988 862 2037 rem
877 1988 970 2038 ame
983 1964 1159 2038 traditam

109 2077 227 2172 magis
244 2078 416 2173 explicat,
434 2076 592 2150 diceudo
613 2077 652 2150 in
678 2101 814 2173 magna
839 2078 1078 2151 inclinatione
1104 2102 1159 2150 re·

111 2191 318 2264 sistentiam
332 2214 436 2286 aquae
447 2213 621 2285 superare
633 2189 832 2285 impulsum
846 2191 1032 2277 deorsum,
1046 2192 1158 2287 quod,

110 2317 151 2376 ut
165 2303 355 2376 intellectu
369 2304 596 2392 facillimum,
612 2303 796 2399 explicare
809 2303 1056 2400 neglexeram.
1084 2305 1158 2379 Sed

109 2415 180 2489 hoc
194 2416 411 2512 explicando
425 2417 464 2488 in
478 2440 648 2512 magnam
665 2417 921 2490 difficultatem
935 2444 958 2491 a
971 2420 1046 2492 suis
1059 2420 1160 2515 prin-

110 2530 215 2625 cipiis
233 2528 455 2602 adducitur:
473 2529 670 2623 quomode,
685 2529 838 2617 scilicet,
850 2530 925 2625 pila
938 2554 1082 2603 sursum
1101 2556 1158 2605 re-

111 2643 219 2716 siliat.
273 2644 334 2715 Au
351 2642 450 2715 enim
469 2641 567 2715 dicet
585 2666 691 2738 aquae
715 2644 947 2738 superficiem
972 2646 1158 2718 incurvari

110 2757 223 2829 etiam
241 2756 357 2828 instar
369 2779 488 2841 arcus,
499 2768 538 2828 et
552 2755 641 2828 dum
654 2779 692 2828 se
706 2757 870 2829 restituit
886 2756 999 2852 pilam
1013 2781 1158 2831 sursum

110 2866 313 2965 repellere?

162 2983 205 3053 ln
224 2979 374 3077 reliquis
392 2979 564 3054 omnibus
584 2980 662 3075 agit
689 2992 833 3052 tantum
854 2980 900 3054 de
918 2981 1156 3056 refractione:

109 3094 215 3167 etin
245 3094 364 3189 prima
394 3115 459 3165 sua
489 3093 686 3188 hypothesi
715 3092 846 3164 falsum
877 3094 1042 3180 assumit,
1060 3095 1158 3191 quod

109 3231 243 3302 nempe
261 3206 380 3278 omnis
398 3205 494 3278 actio
520 3205 569 3276 sit
592 3218 714 3278 motus
741 3205 881 3279 localis.
936 3206 1029 3279 Cum
1047 3209 1156 3299 enim,

110 3320 268 3416 exempli
286 3343 408 3408 causa,
426 3318 558 3391 baculo
577 3318 725 3389 innixus
744 3331 879 3391 terram
901 3343 1040 3414 premo,
1060 3325 1158 3395 actio

110 3458 202 3507 meae
213 3456 343 3506 manus
357 3432 650 3505 communicatur
665 3433 734 3503 toti
748 3433 807 3505 isti
820 3433 964 3520 baculo,
976 3448 1013 3508 et
1024 3438 1159 3510 transit

109 3571 224 3644 usque
242 3545 289 3618 ad
308 3559 469 3617 terram:
496 3543 665 3640 quamvis
678 3543 780 3616 nullo
799 3545 908 3640 plane
926 3546 1035 3619 modo
1049 3548 1157 3621 hacu-

110 3661 187 3733 lum
197 3658 299 3740 illud,
314 3682 382 3730 nec
395 3658 543 3754 quidem
555 3656 817 3730 insensibiliter
831 3671 872 3731 ut
882 3659 978 3732 infra
992 3663 1156 3753 assumit,

110 3772 250 3844 moveri
269 3793 529 3867 supponamus

161 3887 341 3961 Quintam
364 3885 476 3956 etiam
500 3884 746 3979 hypothesim,
766 3885 864 3980 quod
890 3910 952 3959 aer
970 3887 1017 3960 sit
1035 3887 1157 3962 minus

110 4010 308 4070 contumax
331 3997 506 4070 adversus
533 4010 675 4071 motum
692 3999 842 4072 luminis
860 4025 969 4096 quam
988 4025 1083 4097 aqua
1100 4003 1158 4075 vel

110 4112 260 4197 vitrum,
287 4135 361 4183 non
387 4112 538 4207 probat:
571 4136 728 4208 cumque
754 4113 833 4207 ejus
860 4115 1086 4187 contrarium
1119 4116 1157 4190 in

110 4224 315 4321 Dioptrica
334 4224 630 4313 demonstrarim,
650 4224 711 4297 ille
729 4248 816 4298 vero
834 4228 972 4300 nullam
991 4230 1081 4303 dicti
1102 4232 1159 4303 sni

111 4338 239 4410 afferat
259 4339 453 4427 rationem,
472 4362 597 4434 quaero
615 4351 700 4412 utro
719 4340 837 4434 magis
856 4341 903 4413 sit
921 4342 1158 4417 credendum.
