2932 5054
402 448 497 508 ‚aux
516 447 834 502 uarunuamcn.
1069 431 1137 510 107

98 616 255 690 duarum
277 616 570 715 magnitudinum
587 615 748 712 quanm
771 615 927 714 generis
944 614 1140 688 secundum
1154 637 1353 684 comsum-

98 729 346 827 quantitatem
362 739 486 802 mataa
502 727 669 826 quadam
686 726 875 802 tabitudo.
1180 720 1325 824 222,

152 842 249 917 Satis
267 842 435 915 obscure.
489 841 738 916 Quamobrem
763 841 803 914 iu
830 839 1142 915 demonstratione

100 978 280 1051 nusquam
298 977 343 1026 ea
366 976 453 1027 usus
481 964 548 1028 est.
600 953 810 1027 Hobbesius
832 954 986 1027 eandem
1014 952 1144 1027 definit

98 1091 181 1141 esse
199 1066 358 1140 duarum
375 1066 668 1164 magnitudinum
690 1066 886 1140 secundum
904 1067 1144 1164 quantitatem

101 1179 211 1252 unius
246 1177 302 1251 ad
334 1177 495 1251 aiteram
534 1179 673 1251 relatio
685 1206 699 1251 .·
730 1179 918 1275 ipsamque
953 1179 1145 1264 rationem,

98 1290 253 1390 quaudo
271 1304 532 1387 comparantur
548 1290 819 1387 magnitudines
837 1292 1047 1388 iuaequales,
1065 1313 1146 1365 esse

101 1403 352 1503 quantitatem
373 1403 429 1476 sui
454 1403 611 1500 generis.
663 1403 760 1476 Nam
787 1404 958 1500 quoniam
983 1404 1146 1501 inaequa-

100 1519 194 1595 lium
211 1539 327 1590 uuum
345 1516 460 1590 altero
478 1516 596 1612 majus
614 1516 670 1588 vel
689 1515 807 1589 minus
824 1517 884 1605 sit,
897 1540 971 1589 uon
989 1515 1147 1590 absurde

105 1630 252 1705 dicetur
277 1629 463 1702 rationum
485 1629 720 1726 iuaequalium
740 1652 818 1702 esse
836 1631 1091 1727 quantitatem,
1109 1642 1148 1703 et

105 1743 285 1817 rationem
301 1765 380 1815 esse
396 1742 686 1837 inaequalitatum
710 1744 967 1840 quantitatem.
1017 1744 1148 1839 Neque

99 1855 233 1930 differt
254 1855 335 1928 haec
358 1854 522 1929 definitio
548 1857 594 1928 ab
619 1855 681 1928 illa
705 1857 877 1946 Euclidis,
903 1870 1148 1954 praeterquam

100 1968 208 2067 quod
235 1969 284 2041 sit
302 1970 496 2043 verborum
524 1969 670 2068 illorum
697 1968 874 2043 habitudo
891 1971 1060 2068 quadam
1087 1993 1149 2042 ex·

106 2080 272 2179 plicatio,
303 2080 591 2177 distinguit*que
616 2083 713 2155 inter
740 2084 984 2178 quantitatem
1005 2081 1150 2156 absolu-

107 2206 187 2270 tam
205 2205 244 2267 et
259 2193 461 2267 relativam.

158 2305 346 2379 Wallisius
365 2316 495 2378 contra
511 2305 702 2380 contendit
719 2306 872 2380 eandem
900 2330 979 2380 esse
1000 2306 1151 2380 fractio-

104 2443 196 2499 nem
214 2430 252 2491 et
269 2418 472 2491 rationem:
491 2418 674 2508 nimirum,
688 2418 907 2493 fractionem
923 2420 942 2500 i
962 2418 1059 2492 idem
1072 2442 1151 2493 esse

110 2531 213 2630 quod
230 2531 324 2605 ratio
346 2540 360 2604 l
381 2531 429 2604 ad
446 2541 481 2621 2,
497 2530 569 2609 et}
586 2531 683 2604 idem
707 2533 806 2629 quod
823 2534 918 2606 ratio
936 2542 958 2605 2
977 2532 1024 2606 ad
1042 2543 1087 2606 3:
1111 2544 1150 2607 et

112 2645 281 2720 similiter
297 2668 550 2740 quamcunque
567 2645 782 2717 fractionem
800 2668 877 2718 esse
894 2646 1073 2719 rationem
1086 2668 1151 2717 nu·

111 2759 308 2834 metatoris
342 2757 390 2830 ad
420 2756 746 2830 denominatorem.
799 2757 872 2831 Sed
901 2782 1077 2832 verumne
1106 2782 1155 2831 au

111 2872 247 2946 falsum
265 2870 325 2959 sit,
342 2870 459 2943 facilis
477 2881 533 2942 est
552 2869 784 2943 examinatio.

167 2984 264 3057 Nam
283 2983 462 3079 siquidem
480 2987 500 3069 ᾗ
519 2982 567 3055 sit
584 2983 677 3054 ratio
700 2981 780 3055 lad
798 2992 833 3072 3,
852 2995 889 3056 et
907 2993 927 3072 ξ
944 2983 1036 3057 ratio
1062 2992 1084 3057 2
1109 2982 1156 3056 ad

102 3108 164 3182 ,3;
191 3121 276 3170 cum
292 3101 313 3182 ᾖ
330 3096 378 3169 sit
395 3094 590 3184 dimidiat,
608 3094 703 3172 ratio
726 3105 740 3169 l
763 3095 811 3168 ad
830 3105 853 3169 3
876 3097 947 3168 erit
970 3095 1158 3193 subdupli-

116 3222 201 3284 cata
219 3209 373 3282 rationis
391 3216 413 3281 2
432 3205 480 3298 ad
498 3215 542 3279 3:
570 3229 653 3279 cum
669 3219 794 3280 tamen
821 3209 990 3281 omnibus
1017 3208 1160 3281 mathe-

107 3321 264 3400 maticis
291 3319 520 3393 notissimum
548 3319 610 3407 sit,
628 3320 808 3393 rationem
830 3330 844 3394 l
867 3321 914 3394 ad
932 3329 955 3393 3
973 3322 1160 3418 subdupli·

118 3448 241 3510 catam
255 3455 333 3506 ease
350 3431 504 3504 rationis
527 3440 539 3503 l
562 3430 610 3503 ad
628 3439 663 3504 9.

171 3549 204 3620 A
222 3546 314 3619 falsa
339 3544 409 3618 hac
431 3544 584 3618 rationis
611 3544 823 3618 definitione
848 3557 936 3619 nata
953 3556 1020 3635 est,
1038 3557 1081 3620 ut
1097 3570 1163 3620 ue-

121 3658 319 3735 ceasarium
337 3667 427 3744 erat,
439 3659 623 3730 rationum
640 3658 738 3754 apud
751 3659 955 3732 Wallisium
973 3659 1111 3732 additio
1125 3670 1163 3733 et

121 3772 342 3848 substractio
356 3769 457 3842 salsa.
494 3769 594 3842 Dicit
607 3771 705 3843 enim
723 3771 904 3844 rationem
923 3773 1163 3867 compositam

122 3912 167 3961 ex
194 3884 401 3960 rationibus
424 3891 438 3955 l
465 3882 514 3955 ad
539 3891 561 3955 3
582 3896 621 3956 et
643 3893 656 3956 1
678 3883 726 3957 ad
738 3893 775 3973 6,
792 3885 969 3982 aequalem
997 3908 1076 3957 esse
1106 3910 1165 3960 ra-

122 4000 215 4074 tioni
235 4008 247 4071 l
267 3997 316 4070 ad
330 4005 365 4085 2,
380 3996 464 4092 quia
482 3992 502 4074 ἑ
517 4005 554 4068 et
573 3993 597 4087 ξ
618 3997 757 4071 faciunt
772 3998 813 4076 i:
833 4023 917 4071 cum
935 4022 980 4070 ex
998 3999 1166 4073 doctrina

122 4112 286 4186 Euclidis
312 4121 352 4183 et
381 4110 544 4182 omnium
573 4111 928 4200 mathematicorum,
952 4112 1044 4184 ratio
1065 4136 1163 4184 com-

535 4369 552 4404 *
575 4367 624 4429 Sic
637 4369 705 4429 edit.
724 4368 809 4429 1672.
