2918 5054
433 453 487 504 nn
515 449 796 505 minueremus
825 451 958 505 euccr.
1145 422 1217 505 335

176 617 245 685 Tot
258 627 376 684 mortes
387 642 395 694 ;
418 628 453 684 et
466 618 521 684 fila
534 618 628 685 timet
641 617 814 705 pendentia
827 617 914 696 vitre,

83 717 152 778 330
176 718 231 784 Ne
245 718 318 803 quis
332 717 469 783 lascivus
484 728 570 785 secet
583 718 771 804 injussuque
785 740 937 784 sororum.

176 817 355 902 Postquam
368 816 418 882 bis
433 826 563 883 centum
577 818 637 883 sub
648 826 766 883 terram
780 816 907 883 circiter
920 816 1013 882 ulnas

176 916 306 982 Mersus
320 915 516 992 substiterat,
531 916 707 1000 funemque
717 915 898 982 tetenderat
912 938 1048 994 omnem,

179 1015 302 1100 Satque
316 1014 372 1080 diu
385 1024 478 1081 tenso
491 1015 531 1080 de
546 1015 624 1082 fune
638 1014 843 1102 pependerat,
858 1024 951 1082 antro

176 1113 379 1192 Extrahitur,
391 1113 506 1200 cupido
520 1113 608 1180 heroi
623 1137 774 1200 responsa
787 1113 929 1180 daturne

178 1215 304 1281 Verum
319 1213 386 1279 sive
400 1223 504 1279 metus
518 1222 658 1279 mentem
672 1223 914 1300 expugnaverat
932 1213 1061 1301 ingens3

180 1312 256 1381 Sive
270 1313 354 1378 celer
368 1322 474 1378 motus
488 1312 567 1378 torti
581 1312 741 1399 vertigine
755 1312 843 1377 suuis

178 1412 354 1479 Immodica
368 1412 447 1478 solio
461 1412 616 1478 rationem
631 1420 815 1478 excusserat
834 1411 920 1488 alt03

181 1511 257 1580 Sive
271 1511 371 1578 Erebi
385 1511 452 1578 sive
465 1511 534 1599 ipsa
548 1512 598 1577 sui
610 1513 678 1597 jam
693 1520 817 1598 spectra
831 1510 954 1577 timoris

179 1610 305 1677 Pallida
319 1621 518 1688 terruerant3
542 1610 608 1677 sive
623 1633 726 1676 arcem
741 1611 859 1676 mentis
873 1613 994 1677 abactae

87 1713 155 1774 340
182 1710 322 1798 Spiritus
336 1710 453 1776 inferni
467 1710 642 1798 possiderat
655 1710 818 1797 improbus
834 1708 931 1787 Orci;

180 1809 280 1876 Haud
294 1809 390 1874 dubie
405 1809 485 1875 furit
499 1808 621 1875 infelix.
669 1807 723 1876 Sic
736 1808 859 1874 lumina
872 1819 966 1875 torva

178 1909 393 1993 Mutatusque
408 1907 503 1986 color,
518 1908 629 1995 pallor,
644 1918 773 1985 tremor,
788 1907 896 1973 omnia
909 1917 1096 1974 monstrant

179 2008 268 2096 Ergo
282 2009 338 2074 ubi
353 2031 418 2075 uon
432 2007 583 2093 cuiquam
596 2007 760 2074 intellecta
773 2007 970 2094 profuderat,
985 2017 1019 2075 et
1033 2030 1107 2092 quae

178 2107 348 2191 AEquabat
361 2106 485 2194 magnis
499 2105 667 2173 sententia¹
684 2105 774 2170 nulla
791 2105 965 2193 prophetis,

180 2206 356 2283 Conticuit,
372 2206 551 2290 Manesque
565 2206 633 2271 dies
647 2215 720 2291 post
735 2215 807 2271 octo
821 2204 954 2271 revisit².

180 2307 230 2371 At
244 2305 370 2383 Comes,
385 2306 495 2372 audito
511 2328 575 2389 quo
590 2304 743 2391 pertinet³
759 2328 861 2389 usque
876 2326 1021 2382 caverna,

179 2404 328 2483 Horruit,
343 2414 376 2470 et
390 2404 470 2493 (non
483 2405 552 2481 hae,
568 2426 674 2489 neque
688 2426 774 2470 nuno
789 2404 969 2492 subiturus)
982 2403 1095 2470 abivit.

179 2504 269 2571 Hinc
283 2514 413 2572 centum
427 2528 537 2590 passus
551 2505 656 2571 decies
670 2527 884 2582 numeramus,
899 2513 934 2570 et
947 2526 1019 2571 ecce

178 2602 222 2669 In
237 2603 319 2670 valle
333 2603 459 2670 occulta
471 2604 631 2669 radicibus
646 2602 739 2669 exilit
752 2601 825 2667 imis

85 2709 155 2772 350
180 2702 346 2771 Graminei
360 2702 449 2768 collis
462 2703 591 2789 gemino
605 2701 690 2768 fons⁴
704 2723 758 2767 ore
775 2700 932 2788 perennis.

182 2802 288 2885 Quem
303 2802 454 2887 quoniam
468 2801 615 2867 immensi
629 2801 789 2867 mirandos
803 2799 941 2885 aequoris
955 2810 1053 2866 aestus

178 2899 310 2966 Ludere
323 2901 358 2965 in
372 2900 490 2987 exigua
503 2898 589 2965 fama
602 2899 815 2964 affirmaverat
829 2898 924 2976 unda,

178 2999 299 3066 Visum
314 3009 364 3066 est
376 2997 598 3086 (quantumvis
613 2997 736 3064 Phoebo
750 2996 957 3085 properante)
971 2996 1086 3063 morari

180 3099 358 3186 Paulisper,
373 3098 401 3164 si
414 3098 498 3163 sorte
512 3097 640 3182 aquulae
654 3097 807 3163 miracula
821 3097 916 3162 detur

182 3199 339 3286 Aspicare
353 3196 499 3274 admotis,
514 3205 549 3263 et
561 3195 653 3261 famae
668 3196 804 3262 testibus
818 3218 895 3262 esse

183 3298 266 3384 Quae
281 3299 391 3366 vitreis
404 3298 519 3366 ebullit
532 3298 625 3384 aquis
645 3298 782 3364 tremula
797 3298 892 3376 unda,
906 3298 1041 3363 duarum

183 3396 298 3484 Major,
313 3397 581 3485 splendidiorque,
597 3406 630 3462 et
645 3419 777 3483 poscens
791 3397 858 3462 sola
871 3395 983 3474 videri,

181 3495 354 3583 Excipitur
368 3506 476 3582 puteo,
492 3495 622 3562 structis
636 3519 702 3561 non
716 3495 951 3583 aequiparando,

186 3594 249 3662 Sed
264 3596 320 3681 qui
335 3595 470 3661 fortuito
486 3595 601 3680 quovis
615 3595 757 3661 ornatior
770 3606 845 3662 ortu
859 3605 916 3661 est

88 3704 157 3766 360
184 3692 265 3761 Inde
279 3694 384 3760 soluta
397 3693 480 3771 fluit,
494 3694 555 3759 niai
571 3716 644 3778 quae
659 3694 759 3760 fundo
774 3695 941 3771 retinetur,

184 3793 269 3858 Lata
282 3793 361 3858 duos
376 3792 511 3869 cubitos,
527 3803 593 3858 tres
607 3794 712 3881 longa,
728 3816 893 3878 unumque
907 3790 1074 3880 profunda

183 3892 297 3958 Unum
312 3891 394 3969 dico,
406 3914 464 3956 suo
480 3891 607 3976 quando
621 3902 773 3958 contenta
786 3892 910 3977 liquore

185 3990 349 4068 Subsidet3
372 4000 411 4056 at·
420 3990 522 4069 binos,
538 3992 665 4077 quando
679 3991 804 4080 hospite
818 3993 943 4059 tollitur
956 3989 1052 4055 unda.

216 4203 227 4235 ¹
240 4202 313 4265 Quia
323 4220 355 4256 ea
363 4203 435 4272 loqui
447 4219 560 4271 quorum
570 4202 644 4255 nulla
652 4213 691 4256 est
760 4191 771 4223 ²
783 4202 907 4255 Mortuus
918 4211 957 4256 est
967 4200 1120 4273 aphrenesi.

182 4287 320 4349 sententia,
332 4303 472 4340 commune
490 4295 529 4340 est
541 4293 632 4340 vatum
649 4287 689 4340 in·
751 4285 769 4313 *⁸
782 4286 920 4355 Pertingit,
934 4286 1034 4340 scilicet
1045 4284 1079 4337 ad
1092 4281 1197 4336 inseres.

182 4370 402 4440 caelestiumque.
760 4369 852 4422 ‘Fons
864 4378 974 4424 aetuans.
1005 4367 1101 4422 Mirab.
1120 4384 1145 4418 v.
