<?xml version="1.0" encoding="UTF-8"?>
<!DOCTYPE html PUBLIC "-//W3C//DTD XHTML 1.0 Transitional//EN"
    "http://www.w3.org/TR/xhtml1/DTD/xhtml1-transitional.dtd">
<html xmlns="http://www.w3.org/1999/xhtml" xml:lang="en" lang="en">
 <head>
  <title>
</title>
<meta http-equiv="Content-Type" content="text/html;charset=utf-8" />
  <meta name='ocr-system' content='tesseract 3.04.00' />
  <meta name='ocr-capabilities' content='ocr_page ocr_carea ocr_par ocr_line ocrx_word'/>
</head>
<body>
  <div class='ocr_page' id='page_1' title='image "./thomhobbesmalme06hobbgoog_0012.png"; bbox 0 0 2918 5054; ppageno 0'>
   <div class='ocr_carea' id='block_1_1' title="bbox 336 559 1082 636">
    <p class='ocr_par' dir='ltr' id='par_1_1' title="bbox 336 559 1082 636">
     <span class='ocr_line' id='line_1_1' title="bbox 336 559 1082 636; baseline 0.004 -5"><span class='ocrx_word' id='word_1_1' title='bbox 336 559 405 631; x_wconf 90' lang='lat' dir='ltr'><strong>AD</strong></span> <span class='ocrx_word' id='word_1_2' title='bbox 431 559 696 633; x_wconf 78' lang='lat' dir='ltr'>LECTOREM</span> <span class='ocrx_word' id='word_1_3' title='bbox 718 560 1082 636; x_wconf 86' lang='lat' dir='ltr'><strong>ALGEBRISTAM.</strong></span> 
     </span>
    </p>
   </div>
   <div class='ocr_carea' id='block_1_2' title="bbox 132 881 1292 2586">
    <p class='ocr_par' dir='ltr' id='par_1_2' title="bbox 132 881 1292 2586">
     <span class='ocr_line' id='line_1_2' title="bbox 183 881 1285 980; baseline 0.003 -28"><span class='ocrx_word' id='word_1_4' title='bbox 183 881 453 954; x_wconf 77' lang='lat' dir='ltr'><strong>Controversia</strong></span> <span class='ocrx_word' id='word_1_5' title='bbox 466 893 598 955; x_wconf 88' lang='lat' dir='ltr'><strong>nostrae</strong></span> <span class='ocrx_word' id='word_1_6' title='bbox 612 883 682 956; x_wconf 89' lang='lat' dir='ltr'><strong>hoc</strong></span> <span class='ocrx_word' id='word_1_7' title='bbox 698 884 781 957; x_wconf 90' lang='lat' dir='ltr'><strong>loco</strong></span> <span class='ocrx_word' id='word_1_8' title='bbox 797 884 950 980; x_wconf 76' lang='lat' dir='ltr'><strong>legibuS,</strong></span> <span class='ocrx_word' id='word_1_9' title='bbox 968 885 1001 957; x_wconf 93' lang='lat' dir='ltr'><strong>si</strong></span> <span class='ocrx_word' id='word_1_10' title='bbox 1017 884 1085 958; x_wconf 92' lang='lat' dir='ltr'><strong>tibi</strong></span> <span class='ocrx_word' id='word_1_11' title='bbox 1102 884 1285 980; x_wconf 85' lang='lat' dir='ltr'>placeant,</span> 
     </span>
     <span class='ocr_line' id='line_1_3' title="bbox 132 1019 1285 1117; baseline 0.002 -28"><span class='ocrx_word' id='word_1_12' title='bbox 132 1019 259 1114; x_wconf 90' lang='lat' dir='ltr'><strong>paucis</strong></span> <span class='ocrx_word' id='word_1_13' title='bbox 288 1019 476 1113; x_wconf 85' lang='lat' dir='ltr'><strong>imponam</strong></span> <span class='ocrx_word' id='word_1_14' title='bbox 503 1019 626 1091; x_wconf 89' lang='lat' dir='ltr'><strong>finem.</strong></span> <span class='ocrx_word' id='word_1_15' title='bbox 679 1019 834 1093; x_wconf 76' lang='lat' dir='ltr'><strong>Quaeras</strong></span> <span class='ocrx_word' id='word_1_16' title='bbox 857 1021 979 1111; x_wconf 90' lang='lat' dir='ltr'><strong>velim,</strong></span> <span class='ocrx_word' id='word_1_17' title='bbox 1004 1021 1136 1117; x_wconf 91' lang='lat' dir='ltr'><strong>primo,</strong></span> <span class='ocrx_word' id='word_1_18' title='bbox 1159 1032 1285 1093; x_wconf 90' lang='lat' dir='ltr'><strong>utrum</strong></span> 
     </span>
     <span class='ocr_line' id='line_1_4' title="bbox 134 1152 1286 1252; baseline 0.003 -28"><span class='ocrx_word' id='word_1_19' title='bbox 134 1153 245 1225; x_wconf 86' lang='lat' dir='ltr'><strong>series</strong></span> <span class='ocrx_word' id='word_1_20' title='bbox 263 1153 512 1248; x_wconf 85' lang='lat' dir='ltr'><strong>quantitatum</strong></span> <span class='ocrx_word' id='word_1_21' title='bbox 529 1152 737 1249; x_wconf 82' lang='lat' dir='ltr'><strong>aequalium,</strong></span> <span class='ocrx_word' id='word_1_22' title='bbox 755 1154 813 1227; x_wconf 93' lang='lat' dir='ltr'><strong>vel</strong></span> <span class='ocrx_word' id='word_1_23' title='bbox 830 1156 867 1227; x_wconf 93' lang='lat' dir='ltr'><strong>in</strong></span> <span class='ocrx_word' id='word_1_24' title='bbox 886 1155 1027 1228; x_wconf 92' lang='lat' dir='ltr'><strong>ratione</strong></span> <span class='ocrx_word' id='word_1_25' title='bbox 1045 1155 1166 1252; x_wconf 90' lang='lat' dir='ltr'><strong>aliqua</strong></span> <span class='ocrx_word' id='word_1_26' title='bbox 1183 1166 1286 1227; x_wconf 89' lang='lat' dir='ltr'><strong>certa</strong></span> 
     </span>
     <span class='ocr_line' id='line_1_5' title="bbox 134 1284 1287 1382; baseline 0.003 -25"><span class='ocrx_word' id='word_1_27' title='bbox 134 1285 275 1372; x_wconf 89' lang='lat' dir='ltr'><strong>eadem,</strong></span> <span class='ocrx_word' id='word_1_28' title='bbox 307 1284 365 1357; x_wconf 93' lang='lat' dir='ltr'><strong>vel</strong></span> <span class='ocrx_word' id='word_1_29' title='bbox 397 1284 596 1382; x_wconf 89' lang='lat' dir='ltr'><strong>duplicata,</strong></span> <span class='ocrx_word' id='word_1_30' title='bbox 626 1284 812 1382; x_wconf 88' lang='lat' dir='ltr'><strong>triplicata</strong></span> <span class='ocrx_word' id='word_1_31' title='bbox 845 1299 917 1360; x_wconf 90' lang='lat' dir='ltr'><strong>etc.</strong></span> <span class='ocrx_word' id='word_1_32' title='bbox 948 1286 1204 1376; x_wconf 86' lang='lat' dir='ltr'><strong>crescentium,</strong></span> <span class='ocrx_word' id='word_1_33' title='bbox 1237 1286 1287 1359; x_wconf 86' lang='lat' dir='ltr'><strong>sit</strong></span> 
     </span>
     <span class='ocr_line' id='line_1_6' title="bbox 135 1418 1287 1514; baseline 0.002 -24"><span class='ocrx_word' id='word_1_34' title='bbox 135 1418 322 1514; x_wconf 87' lang='lat' dir='ltr'><strong>quantitas</strong></span> <span class='ocrx_word' id='word_1_35' title='bbox 345 1419 449 1492; x_wconf 90' lang='lat' dir='ltr'><strong>finita</strong></span> <span class='ocrx_word' id='word_1_36' title='bbox 469 1444 517 1492; x_wconf 89' lang='lat' dir='ltr'><strong>an</strong></span> <span class='ocrx_word' id='word_1_37' title='bbox 543 1419 698 1493; x_wconf 92' lang='lat' dir='ltr'><strong>infinita.</strong></span> <span class='ocrx_word' id='word_1_38' title='bbox 751 1419 790 1492; x_wconf 90' lang='lat' dir='ltr'><strong>Si</strong></span> <span class='ocrx_word' id='word_1_39' title='bbox 814 1419 994 1493; x_wconf 88' lang='lat' dir='ltr'><strong>infinitam</strong></span> <span class='ocrx_word' id='word_1_40' title='bbox 1018 1419 1212 1510; x_wconf 87' lang='lat' dir='ltr'><strong>inveneris,</strong></span> <span class='ocrx_word' id='word_1_41' title='bbox 1230 1443 1287 1493; x_wconf 89' lang='lat' dir='ltr'><strong>se-</strong></span> 
     </span>
     <span class='ocr_line' id='line_1_7' title="bbox 135 1552 1288 1652; baseline 0.001 -28"><span class='ocrx_word' id='word_1_42' title='bbox 135 1552 257 1625; x_wconf 89' lang='lat' dir='ltr'><strong>cundo</strong></span> <span class='ocrx_word' id='word_1_43' title='bbox 282 1553 364 1627; x_wconf 91' lang='lat' dir='ltr'><strong>loco</strong></span> <span class='ocrx_word' id='word_1_44' title='bbox 391 1576 544 1650; x_wconf 86' lang='lat' dir='ltr'><strong>quaeras,</strong></span> <span class='ocrx_word' id='word_1_45' title='bbox 571 1565 696 1626; x_wconf 91' lang='lat' dir='ltr'><strong>utrum</strong></span> <span class='ocrx_word' id='word_1_46' title='bbox 725 1553 840 1649; x_wconf 90' lang='lat' dir='ltr'><strong>possit</strong></span> <span class='ocrx_word' id='word_1_47' title='bbox 870 1553 933 1625; x_wconf 91' lang='lat' dir='ltr'><strong>illa</strong></span> <span class='ocrx_word' id='word_1_48' title='bbox 963 1553 1098 1627; x_wconf 89' lang='lat' dir='ltr'><strong>habere</strong></span> <span class='ocrx_word' id='word_1_49' title='bbox 1128 1553 1288 1652; x_wconf 88' lang='lat' dir='ltr'><strong>aliquam</strong></span> 
     </span>
     <span class='ocr_line' id='line_1_8' title="bbox 135 1685 1289 1782; baseline 0.001 -24"><span class='ocrx_word' id='word_1_50' title='bbox 135 1686 318 1760; x_wconf 93' lang='lat' dir='ltr'><strong>rationem</strong></span> <span class='ocrx_word' id='word_1_51' title='bbox 335 1686 382 1758; x_wconf 92' lang='lat' dir='ltr'><strong>ad</strong></span> <span class='ocrx_word' id='word_1_52' title='bbox 396 1685 641 1782; x_wconf 90' lang='lat' dir='ltr'><strong>quantitatem</strong></span> <span class='ocrx_word' id='word_1_53' title='bbox 658 1686 813 1759; x_wconf 89' lang='lat' dir='ltr'><strong>finitam.</strong></span> <span class='ocrx_word' id='word_1_54' title='bbox 847 1686 974 1759; x_wconf 90' lang='lat' dir='ltr'><strong>Tertio</strong></span> <span class='ocrx_word' id='word_1_55' title='bbox 991 1710 1145 1782; x_wconf 83' lang='lat' dir='ltr'><strong>quaeras,</strong></span> <span class='ocrx_word' id='word_1_56' title='bbox 1162 1696 1289 1760; x_wconf 91' lang='lat' dir='ltr'><strong>utrum</strong></span> 
     </span>
     <span class='ocr_line' id='line_1_9' title="bbox 135 1820 1289 1917; baseline 0 -24"><span class='ocrx_word' id='word_1_57' title='bbox 135 1820 234 1893; x_wconf 90' lang='lat' dir='ltr'><strong>linea</strong></span> <span class='ocrx_word' id='word_1_58' title='bbox 262 1821 321 1893; x_wconf 93' lang='lat' dir='ltr'><strong>vel</strong></span> <span class='ocrx_word' id='word_1_59' title='bbox 351 1820 424 1893; x_wconf 93' lang='lat' dir='ltr'><strong>alia</strong></span> <span class='ocrx_word' id='word_1_60' title='bbox 453 1820 670 1917; x_wconf 84' lang='lat' dir='ltr'><strong>magnitudo</strong></span> <span class='ocrx_word' id='word_1_61' title='bbox 700 1844 777 1894; x_wconf 91' lang='lat' dir='ltr'><strong>non</strong></span> <span class='ocrx_word' id='word_1_62' title='bbox 808 1820 856 1893; x_wconf 88' lang='lat' dir='ltr'><strong>sit</strong></span> <span class='ocrx_word' id='word_1_63' title='bbox 886 1843 1002 1916; x_wconf 86' lang='lat' dir='ltr'><strong>capax</strong></span> <span class='ocrx_word' id='word_1_64' title='bbox 1033 1820 1221 1894; x_wconf 87' lang='lat' dir='ltr'><strong>divisionis</strong></span> <span class='ocrx_word' id='word_1_65' title='bbox 1249 1821 1289 1893; x_wconf 92' lang='lat' dir='ltr'><strong>in</strong></span> 
     </span>
     <span class='ocr_line' id='line_1_10' title="bbox 136 1952 1289 2051; baseline -0.001 -23"><span class='ocrx_word' id='word_1_66' title='bbox 136 1978 279 2050; x_wconf 86' lang='lat' dir='ltr'><strong>semper</strong></span> <span class='ocrx_word' id='word_1_67' title='bbox 306 1952 512 2043; x_wconf 89' lang='lat' dir='ltr'><strong>divisibilia,</strong></span> <span class='ocrx_word' id='word_1_68' title='bbox 536 1953 611 2027; x_wconf 88' lang='lat' dir='ltr'><strong>sive</strong></span> <span class='ocrx_word' id='word_1_69' title='bbox 637 1978 685 2025; x_wconf 92' lang='lat' dir='ltr'><strong>an</strong></span> <span class='ocrx_word' id='word_1_70' title='bbox 712 1954 834 2051; x_wconf 92' lang='lat' dir='ltr'><strong>aliqua</strong></span> <span class='ocrx_word' id='word_1_71' title='bbox 859 1954 1046 2050; x_wconf 88' lang='lat' dir='ltr'><strong>quantitas</strong></span> <span class='ocrx_word' id='word_1_72' title='bbox 1071 1953 1186 2050; x_wconf 91' lang='lat' dir='ltr'><strong>possit</strong></span> <span class='ocrx_word' id='word_1_73' title='bbox 1210 1977 1289 2028; x_wconf 88' lang='lat' dir='ltr'><strong>esse</strong></span> 
     </span>
     <span class='ocr_line' id='line_1_11' title="bbox 136 2087 1290 2184; baseline -0.001 -24"><span class='ocrx_word' id='word_1_74' title='bbox 136 2087 279 2161; x_wconf 87' lang='lat' dir='ltr'><strong>infinite</strong></span> <span class='ocrx_word' id='word_1_75' title='bbox 296 2087 441 2182; x_wconf 87' lang='lat' dir='ltr'><strong>exigua.</strong></span> <span class='ocrx_word' id='word_1_76' title='bbox 493 2087 532 2160; x_wconf 90' lang='lat' dir='ltr'><strong>Si</strong></span> <span class='ocrx_word' id='word_1_77' title='bbox 558 2088 741 2160; x_wconf 86' lang='lat' dir='ltr'><strong>inveneris</strong></span> <span class='ocrx_word' id='word_1_78' title='bbox 767 2087 1013 2184; x_wconf 88' lang='lat' dir='ltr'><strong>quantitatem</strong></span> <span class='ocrx_word' id='word_1_79' title='bbox 1039 2111 1185 2161; x_wconf 90' lang='lat' dir='ltr'><strong>omnem</strong></span> <span class='ocrx_word' id='word_1_80' title='bbox 1211 2110 1290 2160; x_wconf 88' lang='lat' dir='ltr'><strong>esse</strong></span> 
     </span>
     <span class='ocr_line' id='line_1_12' title="bbox 137 2219 1291 2319; baseline 0.001 -26"><span class='ocrx_word' id='word_1_81' title='bbox 137 2244 282 2318; x_wconf 89' lang='lat' dir='ltr'><strong>semper</strong></span> <span class='ocrx_word' id='word_1_82' title='bbox 300 2219 534 2305; x_wconf 67' lang='lat' dir='ltr'><strong>divisibilem</strong></span> <span class='ocrx_word' id='word_1_83' title='bbox 553 2231 590 2294; x_wconf 91' lang='lat' dir='ltr'><strong>et</strong></span> <span class='ocrx_word' id='word_1_84' title='bbox 609 2221 741 2294; x_wconf 89' lang='lat' dir='ltr'><strong>seriem</strong></span> <span class='ocrx_word' id='word_1_85' title='bbox 758 2221 1005 2317; x_wconf 91' lang='lat' dir='ltr'><strong>quantitatum</strong></span> <span class='ocrx_word' id='word_1_86' title='bbox 1023 2222 1219 2319; x_wconf 88' lang='lat' dir='ltr'><strong>aequalium</strong></span> <span class='ocrx_word' id='word_1_87' title='bbox 1231 2220 1291 2295; x_wconf 90' lang='lat' dir='ltr'><strong>vel</strong></span> 
     </span>
     <span class='ocr_line' id='line_1_13' title="bbox 138 2353 1292 2452; baseline 0.002 -25"><span class='ocrx_word' id='word_1_88' title='bbox 138 2378 282 2452; x_wconf 89' lang='lat' dir='ltr'><strong>semper</strong></span> <span class='ocrx_word' id='word_1_89' title='bbox 299 2355 544 2426; x_wconf 89' lang='lat' dir='ltr'><strong>crescentium</strong></span> <span class='ocrx_word' id='word_1_90' title='bbox 561 2353 750 2450; x_wconf 85' lang='lat' dir='ltr'><strong>aequaliter</strong></span> <span class='ocrx_word' id='word_1_91' title='bbox 762 2354 821 2426; x_wconf 92' lang='lat' dir='ltr'><strong>vel</strong></span> <span class='ocrx_word' id='word_1_92' title='bbox 838 2355 875 2426; x_wconf 93' lang='lat' dir='ltr'><strong>in</strong></span> <span class='ocrx_word' id='word_1_93' title='bbox 895 2354 1082 2451; x_wconf 91' lang='lat' dir='ltr'><strong>duplicata</strong></span> <span class='ocrx_word' id='word_1_94' title='bbox 1096 2355 1154 2428; x_wconf 90' lang='lat' dir='ltr'><strong>vel</strong></span> <span class='ocrx_word' id='word_1_95' title='bbox 1172 2355 1292 2451; x_wconf 89' lang='lat' dir='ltr'><strong>tripli-</strong></span> 
     </span>
     <span class='ocr_line' id='line_1_14' title="bbox 138 2489 1292 2586; baseline -0.001 -21"><span class='ocrx_word' id='word_1_96' title='bbox 138 2503 222 2565; x_wconf 89' lang='lat' dir='ltr'><strong>cata</strong></span> <span class='ocrx_word' id='word_1_97' title='bbox 256 2491 400 2564; x_wconf 91' lang='lat' dir='ltr'><strong>ratione</strong></span> <span class='ocrx_word' id='word_1_98' title='bbox 434 2512 514 2562; x_wconf 91' lang='lat' dir='ltr'><strong>esse</strong></span> <span class='ocrx_word' id='word_1_99' title='bbox 548 2491 794 2586; x_wconf 88' lang='lat' dir='ltr'><strong>quantitatem</strong></span> <span class='ocrx_word' id='word_1_100' title='bbox 827 2489 1021 2581; x_wconf 89' lang='lat' dir='ltr'><strong>infinitam,</strong></span> <span class='ocrx_word' id='word_1_101' title='bbox 1052 2514 1122 2564; x_wconf 86' lang='lat' dir='ltr'><strong>neo</strong></span> <span class='ocrx_word' id='word_1_102' title='bbox 1156 2491 1292 2564; x_wconf 91' lang='lat' dir='ltr'><strong>habere</strong></span> 
     </span>
    </p>
   </div>
   <div class='ocr_carea' id='block_1_3' title="bbox 139 2622 1294 3260">
    <p class='ocr_par' dir='ltr' id='par_1_3' title="bbox 139 2622 1294 3260">
     <span class='ocr_line' id='line_1_15' title="bbox 139 2622 1292 2722; baseline 0.001 -24"><span class='ocrx_word' id='word_1_103' title='bbox 139 2625 320 2699; x_wconf 89' lang='lat' dir='ltr'><strong>rationem</strong></span> <span class='ocrx_word' id='word_1_104' title='bbox 346 2622 394 2696; x_wconf 91' lang='lat' dir='ltr'><strong>ad</strong></span> <span class='ocrx_word' id='word_1_105' title='bbox 411 2623 652 2720; x_wconf 88' lang='lat' dir='ltr'><strong>quantitatem</strong></span> <span class='ocrx_word' id='word_1_106' title='bbox 677 2624 832 2713; x_wconf 91' lang='lat' dir='ltr'><strong>finitam,</strong></span> <span class='ocrx_word' id='word_1_107' title='bbox 857 2648 925 2697; x_wconf 89' lang='lat' dir='ltr'><strong>nec</strong></span> <span class='ocrx_word' id='word_1_108' title='bbox 951 2648 1031 2698; x_wconf 87' lang='lat' dir='ltr'><strong>esse</strong></span> <span class='ocrx_word' id='word_1_109' title='bbox 1048 2626 1292 2722; x_wconf 88' lang='lat' dir='ltr'><strong>quantitatem</strong></span> 
     </span>
     <span class='ocr_line' id='line_1_16' title="bbox 140 2757 1294 2857; baseline -0.003 -23"><span class='ocrx_word' id='word_1_110' title='bbox 140 2761 254 2833; x_wconf 90' lang='lat' dir='ltr'><strong>ullam</strong></span> <span class='ocrx_word' id='word_1_111' title='bbox 288 2759 433 2832; x_wconf 89' lang='lat' dir='ltr'><strong>infinite</strong></span> <span class='ocrx_word' id='word_1_112' title='bbox 463 2758 653 2857; x_wconf 82' lang='lat' dir='ltr'><strong>exiguam:</strong></span> <span class='ocrx_word' id='word_1_113' title='bbox 685 2757 865 2830; x_wconf 84' lang='lat' dir='ltr'><strong>concedes</strong></span> <span class='ocrx_word' id='word_1_114' title='bbox 895 2770 938 2830; x_wconf 89' lang='lat' dir='ltr'><strong>tu</strong></span> <span class='ocrx_word' id='word_1_115' title='bbox 963 2758 1053 2831; x_wconf 92' lang='lat' dir='ltr'><strong>mihi</strong></span> <span class='ocrx_word' id='word_1_116' title='bbox 1088 2758 1294 2832; x_wconf 89' lang='lat' dir='ltr'><strong>doctrinam</strong></span> 
     </span>
     <span class='ocr_line' id='line_1_17' title="bbox 139 2889 1293 2985; baseline -0.004 -18"><span class='ocrx_word' id='word_1_117' title='bbox 139 2893 392 2967; x_wconf 90' lang='lat' dir='ltr'><strong>Wallisianam</strong></span> <span class='ocrx_word' id='word_1_118' title='bbox 415 2890 462 2963; x_wconf 80' lang='lat' dir='ltr'><strong>de</strong></span> <span class='ocrx_word' id='word_1_119' title='bbox 480 2889 729 2964; x_wconf 81' lang='lat' dir='ltr'><strong>Arithmetica</strong></span> <span class='ocrx_word' id='word_1_120' title='bbox 755 2890 998 2985; x_wconf 71' lang='lat' dir='ltr'><strong>Irfiaitorum,</strong></span> <span class='ocrx_word' id='word_1_121' title='bbox 1025 2902 1063 2964; x_wconf 88' lang='lat' dir='ltr'><strong>et</strong></span> <span class='ocrx_word' id='word_1_122' title='bbox 1089 2890 1293 2964; x_wconf 89' lang='lat' dir='ltr'><strong>doctrinam</strong></span> 
     </span>
     <span class='ocr_line' id='line_1_18' title="bbox 141 3024 1294 3126; baseline -0.004 -24"><span class='ocrx_word' id='word_1_123' title='bbox 141 3028 305 3126; x_wconf 84' lang='lat' dir='ltr'><strong>ejusdem</strong></span> <span class='ocrx_word' id='word_1_124' title='bbox 330 3026 377 3099; x_wconf 81' lang='lat' dir='ltr'><strong>de</strong></span> <span class='ocrx_word' id='word_1_125' title='bbox 398 3025 508 3100; x_wconf 82' lang='lat' dir='ltr'><strong>Mota</strong></span> <span class='ocrx_word' id='word_1_126' title='bbox 530 3049 648 3121; x_wconf 88' lang='lat' dir='ltr'><strong>nuper</strong></span> <span class='ocrx_word' id='word_1_127' title='bbox 672 3024 805 3098; x_wconf 87' lang='lat' dir='ltr'><strong>editam</strong></span> <span class='ocrx_word' id='word_1_128' title='bbox 831 3036 1087 3122; x_wconf 89' lang='lat' dir='ltr'><strong>contraquam</strong></span> <span class='ocrx_word' id='word_1_129' title='bbox 1107 3024 1204 3097; x_wconf 88' lang='lat' dir='ltr'><strong>infra</strong></span> <span class='ocrx_word' id='word_1_130' title='bbox 1221 3024 1294 3098; x_wconf 90' lang='lat' dir='ltr'><strong>dis-</strong></span> 
     </span>
     <span class='ocr_line' id='line_1_19' title="bbox 141 3158 1293 3260; baseline -0.003 -23"><span class='ocrx_word' id='word_1_131' title='bbox 141 3163 282 3260; x_wconf 91' lang='lat' dir='ltr'><strong>putavi,</strong></span> <span class='ocrx_word' id='word_1_132' title='bbox 305 3163 452 3235; x_wconf 90' lang='lat' dir='ltr'><strong>inanem</strong></span> <span class='ocrx_word' id='word_1_133' title='bbox 479 3170 517 3241; x_wconf 89' lang='lat' dir='ltr'><strong>et</strong></span> <span class='ocrx_word' id='word_1_134' title='bbox 541 3158 671 3232; x_wconf 80' lang='lat' dir='ltr'><strong>falsam</strong></span> <span class='ocrx_word' id='word_1_135' title='bbox 689 3182 781 3248; x_wconf 86' lang='lat' dir='ltr'><strong>esse,</strong></span> <span class='ocrx_word' id='word_1_136' title='bbox 799 3171 840 3232; x_wconf 94' lang='lat' dir='ltr'><strong>ut</strong></span> <span class='ocrx_word' id='word_1_137' title='bbox 857 3183 966 3255; x_wconf 92' lang='lat' dir='ltr'><strong>super</strong></span> <span class='ocrx_word' id='word_1_138' title='bbox 983 3159 1063 3232; x_wconf 83' lang='lat' dir='ltr'><strong>haec</strong></span> <span class='ocrx_word' id='word_1_139' title='bbox 1088 3159 1293 3234; x_wconf 86' lang='lat' dir='ltr'><strong>fundatam.</strong></span> 
     </span>
    </p>
   </div>
   <div class='ocr_carea' id='block_1_4' title="bbox 142 3293 1296 3906">
    <p class='ocr_par' dir='ltr' id='par_1_4' title="bbox 142 3293 1296 3906">
     <span class='ocr_line' id='line_1_20' title="bbox 143 3293 1293 3390; baseline -0.005 -18"><span class='ocrx_word' id='word_1_140' title='bbox 143 3299 209 3372; x_wconf 90' lang='lat' dir='ltr'><strong>Sin</strong></span> <span class='ocrx_word' id='word_1_141' title='bbox 226 3297 339 3371; x_wconf 88' lang='lat' dir='ltr'><strong>series</strong></span> <span class='ocrx_word' id='word_1_142' title='bbox 352 3294 470 3368; x_wconf 93' lang='lat' dir='ltr'><strong>omnis</strong></span> <span class='ocrx_word' id='word_1_143' title='bbox 485 3295 733 3390; x_wconf 88' lang='lat' dir='ltr'><strong>quantitatum</strong></span> <span class='ocrx_word' id='word_1_144' title='bbox 751 3293 957 3390; x_wconf 74' lang='lat' dir='ltr'><strong>aequalium,</strong></span> <span class='ocrx_word' id='word_1_145' title='bbox 975 3293 1033 3366; x_wconf 90' lang='lat' dir='ltr'><strong>vel</strong></span> <span class='ocrx_word' id='word_1_146' title='bbox 1051 3293 1293 3368; x_wconf 88' lang='lat' dir='ltr'><strong>crescentium</strong></span> 
     </span>
     <span class='ocr_line' id='line_1_21' title="bbox 142 3424 1296 3526; baseline -0.006 -21"><span class='ocrx_word' id='word_1_147' title='bbox 142 3443 185 3505; x_wconf 91' lang='lat' dir='ltr'><strong>ut</strong></span> <span class='ocrx_word' id='word_1_148' title='bbox 203 3453 326 3526; x_wconf 89' lang='lat' dir='ltr'><strong>supra,</strong></span> <span class='ocrx_word' id='word_1_149' title='bbox 340 3428 386 3500; x_wconf 85' lang='lat' dir='ltr'><strong>sit</strong></span> <span class='ocrx_word' id='word_1_150' title='bbox 404 3427 527 3510; x_wconf 92' lang='lat' dir='ltr'><strong>finita;</strong></span> <span class='ocrx_word' id='word_1_151' title='bbox 547 3426 605 3498; x_wconf 94' lang='lat' dir='ltr'><strong>vel</strong></span> <span class='ocrx_word' id='word_1_152' title='bbox 623 3425 717 3499; x_wconf 93' lang='lat' dir='ltr'><strong>ratio</strong></span> <span class='ocrx_word' id='word_1_153' title='bbox 735 3425 836 3497; x_wconf 89' lang='lat' dir='ltr'><strong>nulla</strong></span> <span class='ocrx_word' id='word_1_154' title='bbox 849 3425 897 3498; x_wconf 91' lang='lat' dir='ltr'><strong>sit</strong></span> <span class='ocrx_word' id='word_1_155' title='bbox 913 3424 1066 3498; x_wconf 89' lang='lat' dir='ltr'><strong>infinitae</strong></span> <span class='ocrx_word' id='word_1_156' title='bbox 1081 3425 1296 3521; x_wconf 89' lang='lat' dir='ltr'><strong>quantitatis</strong></span> 
     </span>
     <span class='ocr_line' id='line_1_22' title="bbox 143 3559 1296 3656; baseline -0.007 -19"><span class='ocrx_word' id='word_1_157' title='bbox 143 3564 190 3637; x_wconf 93' lang='lat' dir='ltr'><strong>ad</strong></span> <span class='ocrx_word' id='word_1_158' title='bbox 207 3563 373 3646; x_wconf 89' lang='lat' dir='ltr'><strong>finitam;</strong></span> <span class='ocrx_word' id='word_1_159' title='bbox 399 3559 457 3633; x_wconf 91' lang='lat' dir='ltr'><strong>vel</strong></span> <span class='ocrx_word' id='word_1_160' title='bbox 476 3559 632 3656; x_wconf 88' lang='lat' dir='ltr'><strong>denique</strong></span> <span class='ocrx_word' id='word_1_161' title='bbox 650 3559 680 3632; x_wconf 91' lang='lat' dir='ltr'><strong>si</strong></span> <span class='ocrx_word' id='word_1_162' title='bbox 698 3561 884 3656; x_wconf 90' lang='lat' dir='ltr'><strong>quantitas</strong></span> <span class='ocrx_word' id='word_1_163' title='bbox 902 3559 1020 3632; x_wconf 93' lang='lat' dir='ltr'><strong>omnis</strong></span> <span class='ocrx_word' id='word_1_164' title='bbox 1043 3583 1118 3632; x_wconf 91' lang='lat' dir='ltr'><strong>non</strong></span> <span class='ocrx_word' id='word_1_165' title='bbox 1139 3561 1187 3633; x_wconf 91' lang='lat' dir='ltr'><strong>sit</strong></span> <span class='ocrx_word' id='word_1_166' title='bbox 1205 3559 1296 3632; x_wconf 92' lang='lat' dir='ltr'><strong>divi-</strong></span> 
     </span>
     <span class='ocr_line' id='line_1_23' title="bbox 144 3690 1296 3789; baseline -0.007 -18"><span class='ocrx_word' id='word_1_167' title='bbox 144 3697 258 3771; x_wconf 89' lang='lat' dir='ltr'><strong>sibilis</strong></span> <span class='ocrx_word' id='word_1_168' title='bbox 276 3696 314 3769; x_wconf 92' lang='lat' dir='ltr'><strong>in</strong></span> <span class='ocrx_word' id='word_1_169' title='bbox 332 3716 474 3789; x_wconf 91' lang='lat' dir='ltr'><strong>semper</strong></span> <span class='ocrx_word' id='word_1_170' title='bbox 490 3691 695 3779; x_wconf 91' lang='lat' dir='ltr'><strong>divisibilia,</strong></span> <span class='ocrx_word' id='word_1_171' title='bbox 708 3692 826 3765; x_wconf 90' lang='lat' dir='ltr'><strong>victus</strong></span> <span class='ocrx_word' id='word_1_172' title='bbox 843 3691 912 3765; x_wconf 93' lang='lat' dir='ltr'><strong>tibi</strong></span> <span class='ocrx_word' id='word_1_173' title='bbox 930 3715 999 3787; x_wconf 88' lang='lat' dir='ltr'><strong>ego</strong></span> <span class='ocrx_word' id='word_1_174' title='bbox 1017 3690 1157 3764; x_wconf 90' lang='lat' dir='ltr'><strong>cedam.</strong></span> <span class='ocrx_word' id='word_1_175' title='bbox 1193 3691 1296 3781; x_wconf 87' lang='lat' dir='ltr'><strong>Vale,</strong></span> 
     </span>
     <span class='ocr_line' id='line_1_24' title="bbox 145 3829 486 3906; baseline -0.018 0"><span class='ocrx_word' id='word_1_176' title='bbox 145 3844 182 3906; x_wconf 89' lang='lat' dir='ltr'><strong>et</strong></span> <span class='ocrx_word' id='word_1_177' title='bbox 199 3830 378 3905; x_wconf 87' lang='lat' dir='ltr'><strong>meditare</strong></span> <span class='ocrx_word' id='word_1_178' title='bbox 395 3829 486 3901; x_wconf 82' lang='lat' dir='ltr'><strong>haec.</strong></span> 
     </span>
    </p>
   </div>
   <div class='ocr_carea' id='block_1_5' title="bbox 411 4117 1028 4179">
    <p class='ocr_par' dir='ltr' id='par_1_5' title="bbox 411 4117 1028 4179">
     <span class='ocr_line' id='line_1_25' title="bbox 411 4117 1028 4179; baseline -0.006 0"><span class='ocrx_word' id='word_1_179' title='bbox 411 4120 472 4179; x_wconf 88' lang='grc' dir='ltr'><strong>ΑΙ)</strong></span> <span class='ocrx_word' id='word_1_180' title='bbox 492 4119 723 4179; x_wconf 84' lang='lat' dir='ltr'><strong>LECTOREM</strong></span> <span class='ocrx_word' id='word_1_181' title='bbox 745 4117 1028 4179; x_wconf 83' lang='lat' dir='ltr'><strong>GEOMETRAM.</strong></span> 
     </span>
    </p>
   </div>
   <div class='ocr_carea' id='block_1_6' title="bbox 327 4249 1118 4328">
    <p class='ocr_par' dir='ltr' id='par_1_6' title="bbox 327 4249 1118 4328">
     <span class='ocr_line' id='line_1_26' title="bbox 327 4249 1118 4328; baseline -0.005 -16"><span class='ocrx_word' id='word_1_182' title='bbox 327 4255 407 4313; x_wconf 88' lang='lat' dir='ltr'><strong>Hinc</strong></span> <span class='ocrx_word' id='word_1_183' title='bbox 421 4252 476 4312; x_wconf 87' lang='lat' dir='ltr'><strong>tibi</strong></span> <span class='ocrx_word' id='word_1_184' title='bbox 490 4271 575 4328; x_wconf 87' lang='lat' dir='ltr'><strong>carpe</strong></span> <span class='ocrx_word' id='word_1_185' title='bbox 588 4271 691 4323; x_wconf 81' lang='lat' dir='ltr'><strong>rosam,</strong></span> <span class='ocrx_word' id='word_1_186' title='bbox 706 4252 797 4311; x_wconf 86' lang='lat' dir='ltr'><strong>lector</strong></span> <span class='ocrx_word' id='word_1_187' title='bbox 811 4249 946 4320; x_wconf 85' lang='lat' dir='ltr'><strong>studiose,</strong></span> <span class='ocrx_word' id='word_1_188' title='bbox 962 4259 1118 4310; x_wconf 88' lang='lat' dir='ltr'><strong>recentem.</strong></span> 
     </span>
    </p>
   </div>
   <div class='ocr_carea' id='block_1_7' title="bbox 446 4365 1182 4521">
    <p class='ocr_par' dir='ltr' id='par_1_7' title="bbox 446 4365 1182 4521">
     <span class='ocr_line' id='line_1_27' title="bbox 446 4365 1046 4429; baseline -0.003 0"><span class='ocrx_word' id='word_1_189' title='bbox 446 4368 594 4429; x_wconf 87' lang='lat' dir='ltr'><strong>Candidus</strong></span> <span class='ocrx_word' id='word_1_190' title='bbox 608 4368 744 4428; x_wconf 85' lang='lat' dir='ltr'><strong>olfaciaa:</strong></span> <span class='ocrx_word' id='word_1_191' title='bbox 766 4365 956 4426; x_wconf 88' lang='lat' dir='ltr'><strong>Wallisiauus</strong></span> <span class='ocrx_word' id='word_1_192' title='bbox 970 4367 1046 4427; x_wconf 86' lang='lat' dir='ltr'><strong>odat.</strong></span> 
     </span>
     <span class='ocr_line' id='line_1_28' title="bbox 1128 4469 1182 4521; baseline 0 -8"><span class='ocrx_word' id='word_1_193' title='bbox 1128 4471 1152 4521; x_wconf 86' lang='lat' dir='ltr'>B</span> <span class='ocrx_word' id='word_1_194' title='bbox 1167 4469 1182 4513; x_wconf 82' lang='lat' dir='ltr'><strong>a</strong></span> 
     </span>
    </p>
   </div>
   <div class='ocr_carea' id='block_1_8' title="bbox 0 0 1486 5054">
    <p class='ocr_par' dir='ltr' id='par_1_8' title="bbox 0 0 1486 5054">
     <span class='ocr_line' id='line_1_29' title="bbox 0 0 1486 5054; baseline 0 0"><span class='ocrx_word' id='word_1_195' title='bbox 0 0 1486 5054; x_wconf 95' lang='lat' dir='ltr'><strong> </strong></span> 
     </span>
    </p>
   </div>
  </div>
 </body>
</html>
