2932 5054
392 447 845 503 armunensem·
998 476 1004 486 ·
1122 435 1169 521 65,

124 612 408 690 limitum·
460 614 582 699 Quam
600 615 853 690 definitionem
870 639 1003 707 meum,
1027 626 1170 690 mutato
1203 642 1363 706 prunum

123 727 357 803 vehcitatem
373 727 413 800 iu
429 725 667 820 celeritatem,
686 729 939 827 redditamque
951 728 1170 821 breviorem,
1265 723 1308 764 ¹¹¹·

1211 792 1355 827 „d

120 841 190 915 sed
206 840 425 915 tantundem
442 840 552 914 simul
569 842 830 933 obscuriorem,
844 866 943 918 nuno
953 842 1168 933 susmfacit
1346 827 1350 833 ¹

502 1100 717 1154 DEFINITIO
744 1101 787 1155 X·

172 1224 354 1325 AEqualis
370 1226 550 1301 celeritas
576 1237 648 1324 est,
663 1254 746 1327 qua
762 1227 937 1326 aqualem
964 1226 1170 1327 longitudi-

113 1356 204 1414 nem
220 1339 355 1438 equali
371 1350 536 1439 tempore
553 1342 751 1443 transigit.

118 1456 124 1481 ³
172 1454 378 1551 Desumpta
395 1468 451 1529 est
474 1479 521 1529 ex
542 1455 638 1530 libro
655 1480 738 1531 meo
757 1478 811 1532 nn
832 1477 1032 1559 consone,
1049 1455 1112 1529 lib.
1132 1465 1170 1531 et

121 1591 204 1665 cup.
217 1567 361 1660 iisdem,
379 1579 449 1641 art.
469 1572 526 1652 17.

491 1802 711 1855 DEFINITIO
740 1804 800 1855 xl.

173 1932 306 2029 Major
339 1929 519 2006 celeritas
550 1940 607 2006 est
640 1956 718 2030 qua
751 1933 929 2029 maiorem
962 1929 1169 2030 longitudi-

118 2069 203 2155 ‚nem
219 2043 356 2230 mali
373 2053 537 2144 tempore
554 2044 749 2144 transigit,
767 2044 827 2119 cel
842 2044 984 2119 minare
1002 2053 1171 2144 tempore

122 2183 228 2255 aqua
302 2214 311 2231 .

174 2284 268 2358 Haee
281 2307 429 2383 quoque
441 2306 488 2358 ex
505 2264 634 2357 eodeni
651 2283 733 2358 loeo
751 2283 946 2381 desumpta
962 2296 1030 2358 est.
1154 2247 1163 2287 ἰ

483 2506 704 2560 DEFINITIO
723 2506 801 2559 xn.

123 2700 126 2704 ,
170 2635 358 2712 Gravitas
387 2646 447 2710 est
474 2636 530 2710 ais
557 2636 693 2710 matria
713 2635 896 2726 deorsum,
914 2636 992 2711 siae
1009 2636 1065 2710 acl
1087 2661 1170 2710 cen-

121 2760 219 2824 trum
245 2761 371 2824 terra.

171 2864 233 2937 Ad
256 2865 353 2937 huno
380 2861 632 2936 definitionem
650 2863 851 2959 subjungit,
878 2867 903 2902 “
916 2862 1102 2960 quoduam
1119 2863 1170 2936 sit

118 2976 159 3051 in
196 2975 491 3051 consideratione
524 2975 677 3072 physion
709 2976 904 3071 gravitatis
933 2975 1167 3072 principium,

114 3114 196 3164 non
229 3090 290 3163 hie
324 3088 578 3186 inquirimus.”
636 3086 710 3161 Sed
745 3112 812 3161 cnr
845 3113 920 3163 nou
952 3087 1169 3185 inquisivit?

120 3209 144 3242 “
157 3203 291 3291 Quia?
309 3203 442 3299 inquit,
461 3207 485 3241 “
498 3201 632 3276 sufficit
650 3215 691 3275 ut
707 3203 900 3298 gravitatis
918 3203 1066 3275 nomine
1084 3224 1168 3274 eam

114 3315 380 3413 intelligamus,
398 3339 507 3413 quam
525 3339 621 3412 saepe
648 3314 956 3411 deprehendimus
972 3314 1047 3388 vim
1065 3312 1168 3387 deor-

119 3454 202 3503 sum
229 3427 415 3515 movendi,
433 3443 512 3501 tum
535 3429 655 3523 ipsum
680 3452 814 3525 eorpus
840 3452 964 3524 grave,
983 3440 1066 3531 tum·
1087 3451 1169 3523 quae

111 3543 270 3616 obstant
286 3542 409 3616 minus
426 3542 586 3614 efficacia
603 3541 901 3637 impedimenta.”
951 3542 1079 3637 Itaque
1098 3541 1169 3613 sci-

111 3655 220 3729 entie
250 3678 444 3729 causarum
478 3654 685 3750 gravitatis,
721 3655 798 3726 sive
831 3665 955 3726 motus
988 3653 1167 3750 gravium,

118 3768 319 3866 professori
338 3766 522 3840 Saviliano
539 3790 614 3840 nou
631 3765 778 3840 videtur
793 3765 998 3840 conducere
1016 3765 1064 3838 ad
1083 3763 1167 3837 doc·

111 3882 256 3956 trinam
290 3879 508 3978 ponderum.
567 3879 709 3953 Sufficit
743 3879 808 3968 illi,
843 3879 971 3976 grevia
1004 3877 1169 3973 recipere

110 4023 308 4090 .÷,-,=:
331 3997 375 4070 id
391 4008 459 4086 est,
471 3994 575 4094 plus,
594 3996 722 4085 minus,
741 3994 909 4092 ecquale:
927 3995 1031 4091 quasi
1049 3995 1080 4068 si
1097 3993 1170 4066 alia

109 4126 217 4187 ‚esset
240 4136 352 4186 eausa
375 4110 567 4207 gravitatis
585 4135 695 4207 quem
713 4133 795 4206 quse
813 4122 881 4198 est,
901 4110 1029 4182 eadem
1057 4132 1170 4206 oppa-

108 4236 244 4299 ·rereut
261 4224 363 4308 circo
377 4223 683 4321 ponderationem
701 4222 825 4297 omnia
842 4246 925 4318 quae
940 4246 1039 4297 nunc
1057 4245 1170 4320 oppa-

121 4349 217 4414 rent.
