2932 5054
349 395 534 456 amouor
553 397 827 449 unonnrnrcn
846 397 936 450 arc.
1091 385 1161 451 193

120 560 278 658 scriptus
300 585 368 634 axe
391 563 452 634 EF
474 563 522 636 ad
545 563 722 637 circulum
750 563 883 636 GEHF
907 573 962 637 est
989 564 1099 636 etiam
1124 565 1161 637 in
1210 591 1277 631 cnr.
1294 591 1336 630 rx.

121 675 307 772 duplicata
322 677 464 749 ratione
481 676 559 751 axis
572 678 633 750 EF
646 677 693 751 ad
711 677 1020 750 semidiametrum
1034 678 1161 751 circuli
1191 656 1348 770 „W

121 789 267 863 GEHF.
318 791 385 864 Est
403 814 490 885 ergo
508 790 718 887 superficies
742 791 896 888 sphaerae
914 791 1065 887 aequalis
1091 791 1161 864 cir·
1190 799 1350 895 {ffill'ff'

120 902 202 976 culo
236 904 340 999 cujus
369 903 639 976 semidiameter
669 915 727 976 est
755 903 834 976 anis
864 905 935 977 EF.
995 903 1162 977 Circulos

119 1026 243 1087 autem
260 1018 363 1112 cujus
381 1014 502 1088 radius
520 1025 575 1089 est
592 1015 671 1089 axis
689 1015 843 1112 sphaerae
861 1015 1088 1114 quadruplus
1106 1028 1163 1091 est

118 1127 245 1201 circuli
269 1128 412 1202 GEHF.
465 1129 590 1203 Quare
618 1140 656 1201 et
685 1129 896 1225 superficies
924 1129 1078 1224 sphaerae
1104 1142 1160 1203 est

118 1241 322 1337 quadrupla
338 1241 514 1337 ejusdem.

166 1375 243 1426 vn.
271 1353 444 1450 Sequitur
461 1354 548 1427 hinc
567 1354 798 1451 superficiem
811 1356 1061 1451 cujuscunque
1079 1377 1161 1452 seg·

116 1466 231 1538 menti
248 1467 324 1540 sive
341 1467 520 1563 portionis
538 1468 688 1565 sphaerae
706 1468 753 1541 ad
770 1468 1000 1564 superficiem
1021 1469 1160 1564 portio-

116 1577 173 1650 nis
190 1578 338 1675 reliquae
355 1603 434 1652 esse
457 1592 500 1653 ut
527 1580 649 1677 portio
673 1582 753 1655 axis
776 1579 937 1654 abscissa
962 1581 1009 1655 ab
1035 1581 1089 1654 IK
1113 1582 1162 1655 ad

116 1692 322 1788 portionem
342 1692 542 1790 reliquam:
570 1719 713 1791 nempe,
732 1694 961 1790 superficiem
979 1695 1160 1791 portionis

118 1804 200 1877 ΕΙΚ
219 1828 299 1893 esse
322 1805 370 1878 ad
394 1807 624 1901 superficiem
649 1806 829 1904 portionis
852 1807 939 1880 ΕΙΚ
967 1819 1010 1880 ut
1036 1807 1160 1904 portio

116 1917 194 1989 axis
211 1917 271 1989 FL
287 1916 335 1990 ad
350 1918 556 2015 portionem
574 1919 753 2016 reliquam
770 1920 842 1993 EL.

166 2052 261 2104 v111.
293 2030 472 2127 Denique,
501 2032 588 2127 quia
622 2032 889 2106 demonstravit
918 2031 1159 2106 Archimedes

116 2145 346 2242 superficiem
380 2145 537 2243 cylindri
572 2170 772 2219 convexam
802 2145 1044 2243 quadruplam
1080 2169 1159 2219 esse

115 2258 243 2332 circuli
271 2259 334 2355 qui
357 2259 513 2355 cylindri
539 2269 596 2333 est
619 2259 739 2332 basis:
767 2260 931 2356 sequitur
952 2259 1052 2332 idem
1079 2282 1158 2332 esse

115 2370 237 2468 quoad
254 2371 499 2468 quantitatem
523 2373 730 2469 superficiei
759 2373 985 2470 cylindricae,
1003 2373 1079 2446 sive
1095 2396 1158 2469 ge-

115 2497 305 2557 neretura
328 2484 557 2558 revolutione
580 2485 769 2581 perimetri
791 2484 888 2558 basis
912 2485 1009 2558 circa
1036 2508 1154 2573 axem,

116 2596 191 2668 sive
215 2620 280 2693 per
297 2610 438 2670 motum
455 2597 553 2671 basis
582 2622 647 2695 per
665 2598 820 2695 cylindri
845 2598 973 2688 latera,
992 2599 1068 2672 sive
1091 2623 1158 2696 per

115 2709 238 2782 lateris
255 2723 396 2784 motum
414 2711 642 2784 circularem.
694 2712 790 2785 Nam
806 2713 928 2785 omnia
939 2713 1020 2786 haec
1038 2736 1156 2809 aequa·

115 2821 167 2895 les
183 2835 362 2919 generant
386 2825 590 2920 superficiei
608 2825 845 2920 quantitates.
898 2825 1026 2921 Neque
1045 2825 1158 2898 etiam

115 2935 195 3009 sine
211 2935 524 3011 demonstratione
542 2937 688 3011 difficile
715 2949 771 3011 est
796 2937 1002 3034 intelligere
1029 2936 1157 3009 discri-

113 3073 199 3123 men
216 3050 354 3123 nullum
375 3074 452 3124 esse
471 3052 509 3124 in
528 3051 696 3124 facienda
718 3052 922 3147 superficie,
940 3064 1064 3123 utrum
1089 3050 1155 3121 cir·

114 3163 218 3237 culus
236 3164 300 3260 qui
318 3177 372 3237 est
390 3164 546 3260 cylindri
563 3166 661 3238 basis
678 3165 818 3238 feratur
835 3176 936 3238 recta
960 3188 1026 3260 per
1048 3163 1155 3252 latua,

113 3274 171 3348 vel
186 3276 224 3348 in
242 3275 342 3348 omni
358 3290 497 3371 puncto
514 3276 638 3350 lateris
657 3276 912 3350 describantur
929 3277 1081 3372 singulae
1096 3299 1155 3371 pe·

114 3387 268 3478 rimetri,
300 3412 347 3462 an
376 3414 399 3463 a
430 3401 510 3464 toto
544 3390 658 3464 latere
694 3390 923 3463 describatur
957 3389 1155 3487 perimeter

112 3501 233 3575 unica
286 3502 505 3598 Superficies
529 3502 627 3575 enim
650 3502 818 3599 cylindri,
847 3503 886 3576 id
909 3515 976 3592 est,
999 3502 1155 3598 cylindri

112 3615 289 3690 excoriati
305 3616 475 3713 pellicula
493 3616 641 3689 evoluta
659 3630 696 3690 et
719 3617 757 3690 in
775 3617 885 3713 plano
905 3616 1098 3713 explicata,
1112 3616 1156 3687 fit

110 3728 367 3825 rectangulum
386 3730 489 3824 cujus
507 3753 621 3802 unum
647 3729 742 3802 latus
760 3747 817 3802 est
843 3730 939 3803 basis
964 3729 1153 3816 diameter,

110 3841 268 3914 alterum
298 3842 395 3915 linea
424 3854 527 3914 recta
554 3845 663 3939 cujus¹
683 3841 902 3939 quadratum
930 3843 1070 3939 aequale
1097 3855 1154 3915 est

112 3953 239 4027 decem
257 3954 445 4052 quadratis
462 3978 485 4027 a
503 3955 600 4028 basis
618 3979 694 4028 suae
712 3955 903 4030 diametro.

534 4207 727 4215 ——a—
