2918 5054
397 401 484 462 tux
502 407 824 464 mannnmantca
1065 396 1136 463 113

88 568 270 671 principia
287 574 350 649 illa
366 576 562 651 manifesta
580 602 662 674 quae
681 573 907 675 Praesationi
928 579 1134 652 necessario
1152 604 1354 648 cosumma-

91 685 287 782 subjuncta
304 700 402 776 sunt,
416 690 692 779 intellexissent,
707 690 877 764 doctrina
888 690 967 763 haee
980 691 1136 765 Wallisii
1180 686 1323 790 Q

92 797 138 870 de
155 799 321 874 radicum
346 803 591 877 numeralium
619 815 658 877 et
687 804 844 877 laterum
872 802 1138 900 quadratorum

90 910 284 987 identitate
302 938 503 1012 nunqnam,
521 928 626 1012 puto,
646 917 834 1012 publicata
847 927 954 990 esset.

139 1026 336 1124 Descripto
354 1031 452 1102 enim
470 1029 650 1127 quadrato
671 1030 749 1125 (fig.
783 1033 834 1120 1),
853 1043 891 1103 et
915 1031 1031 1103 diviso
1046 1053 1142 1103 uno-

91 1139 256 1234 quolibet
283 1141 398 1214 latere
425 1142 464 1216 in
488 1151 531 1217 10
548 1154 672 1237 partes
698 1143 870 1239 aequales,
895 1166 1051 1238 quarum
1080 1142 1144 1232 ab.

90 1251 148 1324 vel
174 1277 233 1342 aa,
252 1253 299 1327 sit
322 1278 421 1328 una:
448 1267 487 1328 et
505 1255 726 1352 quadratum
753 1258 832 1352 ejus
859 1257 915 1329 ud
940 1256 1142 1329 centesima

91 1388 176 1460 pars
196 1365 366 1460 quadrati
384 1368 509 1441 totius.
563 1368 750 1440 Wallisins
775 1368 943 1456 affirmat,
963 1369 993 1440 si
1019 1368 1143 1441 multi-

91 1477 275 1572 plicentur
296 1486 340 1554 10
358 1479 428 1552 illae
446 1480 553 1553 lineae
571 1478 619 1552 ab
641 1481 681 1553 in
707 1503 758 1569 se,
784 1480 923 1552 factum
951 1481 1028 1553 sive
1055 1504 1142 1575 pro-

92 1588 245 1664 ductum
267 1591 347 1665 fore
371 1600 440 1667 100
457 1592 648 1690 quadrata,
667 1615 823 1688 quornm
851 1593 906 1665 acl
930 1606 986 1665 est
1014 1617 1142 1666 unum.

93 1702 304 1777 Hobbesius
335 1719 466 1779 eontra
493 1705 595 1792 dicit,
624 1705 845 1801 productum
871 1705 952 1778 fore
978 1717 1143 1779 tuntum·

92 1815 204 1890 modo
222 1818 363 1890 centies
381 1816 439 1890 ab.
492 1818 679 1892 Wallisius
698 1818 796 1891 enim
823 1816 1142 1913 multiplicandum

92 1939 201 2027 putat
218 1953 293 2002 non
311 1930 423 2003 modo
448 1939 491 2006 10
506 1931 544 2003 in
564 1940 618 2019 10,
646 1930 841 2004 sedetiam
869 1930 1004 2003 lineam
1028 1929 1077 2002 ab
1104 1931 1144 2003 in

91 2043 226 2117 lineam
245 2068 316 2116 ae:
343 2066 462 2141 neque
482 2056 604 2118 tamen
624 2068 739 2141 qnare
768 2046 821 2117 ita
844 2044 1054 2118 faciendum
1081 2047 1142 2131 sit,

91 2180 242 2233 eausam
274 2156 387 2229 ullam
422 2157 597 2255 assignat.
668 2158 878 2231 Hobbesius
914 2182 1001 2231 vero
1037 2157 1141 2248 dicit,

90 2270 224 2367 primo,
242 2268 376 2343 lineam
397 2294 464 2367 per
492 2271 625 2344 lineum
653 2270 891 2367 multiplicari
918 2295 993 2344 non
1023 2296 1142 2368 posse,

92 2407 161 2456 nee
188 2405 256 2479 per
272 2382 382 2456 aliam
406 2408 485 2456 rem
503 2407 760 2481 quameunque
777 2397 912 2481 praeter
934 2409 1142 2459 numerum.

94 2496 279 2586 Secundo,
297 2519 344 2570 ne
372 2522 480 2570 unum
500 2497 649 2595 quidem
677 2522 744 2594 per
770 2523 878 2571 uuum
904 2498 1142 2594 multiplicari

92 2632 223 2706 posse:
248 2621 446 2707 propterea
476 2611 575 2708 qnod
602 2610 779 2708 quicquid
806 2611 1072 2707 multiplicatur
1099 2614 1143 2686 fit

91 2723 209 2819 plura,
229 2723 295 2796 sed
311 2748 417 2796 anum
434 2748 500 2820 per
516 2748 622 2796 anum
635 2747 711 2797 nou
726 2723 817 2796 facit
834 2724 940 2820 plura
956 2749 1040 2798 aaa.

142 2835 339 2923 Praeterea,
359 2835 464 2909 radix
477 2837 619 2909 numeri
639 2835 810 2932 quadrati
824 2849 879 2909 est
897 2838 1067 2933 quadrati
1085 2838 1143 2912 sni

94 2974 199 3049 pars:
223 2952 321 3027 latus
342 2965 479 3042 autem,
497 2977 564 3050 per
581 2953 800 3041 Wallisinm,
825 2976 902 3026 non
929 2966 987 3026 est
1013 2955 1143 3049 figurae

94 3065 302 3161 quadratae,¹
320 3066 379 3139 vel
397 3066 604 3163 superficiei
621 3067 872 3163 cujuscunque
889 3089 974 3162 pars
990 3096 1000 3150 t
1026 3089 1095 3139 nee
1112 3067 1143 3139 si

95 3192 203 3268 esset,
220 3181 478 3275 rectangulum
496 3192 607 3267 esset,
622 3180 687 3253 sed
700 3180 914 3276 trapezium.

142 3293 283 3383 Tertio,
294 3293 439 3367 numeri
451 3291 686 3388 multiplicati
699 3305 902 3366 numeratae
914 3290 969 3362 rei
983 3289 1143 3386 speeiem

94 3428 169 3480 non
192 3417 353 3497 mutant,
370 3420 414 3479 ut
431 3405 670 3502 Onghtredus
693 3417 794 3480 reete
824 3405 915 3479 dicit
935 3405 1035 3498 (enm
1062 3405 1144 3478 aliis

96 3518 255 3616 algebrae
288 3520 507 3594 authoribus
544 3520 728 3613 omnibns)
766 3519 922 3593 Wallisii
956 3520 1143 3615 magister.

97 3632 194 3706 Sunt
232 3643 356 3705 autem
391 3632 498 3706 lineae
532 3643 570 3706 et
605 3632 786 3730 quadrata
820 3632 975 3706 diversae
1009 3632 1143 3728 speciei

96 3745 333 3841 quantitates.

146 3858 305 3947 Quane,
324 3883 408 3932 cum
426 3858 539 3933 totius
557 3858 725 3954 quadrati
748 3858 845 3931 latus
870 3857 918 3930 sit
947 3858 1086 3946 decem,
1104 3858 1143 3931 in

96 3995 169 4068 qno
186 3972 286 4044 linea
302 3971 424 4044 abest
450 3971 589 4059 unitas,
608 3983 647 4044 et
674 3973 749 4046 sint
776 3971 900 4044 decem
928 3971 1026 4043 idem
1043 3971 1144 4068 qnod

96 4085 227 4159 decem
243 4086 416 4176 unitates,
433 4085 667 4181 multiplicati
685 4085 893 4179 decemper
911 4083 1038 4156 decem
1056 4082 1145 4156 toti-

96 4198 181 4272 dem
199 4198 338 4271 facient
349 4198 449 4295 qnod
461 4198 588 4271 decem
601 4200 761 4272 unitates
776 4198 814 4269 in
830 4196 956 4269 decem
968 4198 1147 4269 unitates.

199 4345 294 4398 VOL·
315 4345 353 4397 V·
491 4357 494 4362 ’
1027 4343 1042 4394 1
