2932 5054
528 885 812 963 PRAEFATIO.

97 1256 161 1328 Ex
192 1278 266 1353 quo
296 1263 486 1351 coeperunt
515 1251 647 1348 agitari
676 1252 935 1327 controversiae
966 1252 1237 1327 mathematica

98 1372 196 1445 inter
215 1371 446 1445 Hobbesium
463 1382 500 1444 et
525 1368 744 1458 Wadisium,
763 1369 875 1465 elapsi
903 1379 988 1443 sunt
1004 1369 1136 1467 viginti
1158 1370 1235 1443 fere

97 1489 199 1562 anni.
252 1487 484 1563 Quaestiones
515 1496 638 1559 autem
668 1486 872 1559 interillos
902 1485 1097 1584 disputatae
1123 1487 1237 1561 totius

96 1605 309 1702 geometriae
332 1614 418 1678 sunt
434 1602 668 1692 difficillima,
692 1614 731 1676 et
753 1603 911 1676 maxime
927 1617 1117 1695 περιμάχητοι,
1135 1603 1237 1678 etde

98 1745 254 1819 quarum
272 1720 585 1795 demonstratione
602 1719 695 1793 adeo
713 1720 891 1794 hactenus
918 1719 1152 1816 desperatum
1169 1731 1237 1810 est,

99 1851 143 1913 ut
161 1838 225 1935 qui
243 1838 354 1912 hodie
371 1837 479 1912 unius
496 1837 693 1934 cujuslibet
714 1837 859 1910 illarum
886 1837 1238 1910 demonstrationem

97 1956 282 2029 invenisse
295 1979 335 2029 se
348 1953 577 2053 praedicaret,
590 1978 658 2050 pro
673 1955 801 2028 insano
818 1966 857 2027 et
874 1953 1027 2027 ridicule
1040 1965 1238 2049 arrogante

98 2097 122 2146 a
150 2073 295 2147 caeteris
323 2071 594 2146 mathematicis
621 2070 829 2144 haberetur.
884 2069 1238 2145 Contentioni'huic

97 2191 328 2266 occasionem
339 2190 496 2288 praebuit
507 2189 687 2263 Hobbesii
697 2188 790 2261 liber
801 2188 949 2285 quidam
962 2211 1014 2260 nu
1032 2209 1238 2278 cosroen,

97 2308 221 2382 editos
238 2308 389 2382 ineunte
405 2331 502 2381 anuo
523 2306 673 2380 Domini
696 2306 840 2379 1·653*:
867 2305 930 2403 qui
956 2305 1050 2379 liber
1072 2306 1238 2379 contine-

96 2424 174 2513 bat,
192 2425 290 2499 iuter
309 2424 393 2513 alia,
411 2423 591 2520 principia
607 2421 748 2517 aliquot
763 2421 993 2517 geometrica
1009 2447 1031 2494 a
1048 2421 1238 2519 principiis

96 2540 210 2615 hodie
226 2541 385 2638 receptis
414 2539 672 2636 discrepantia,
696 2550 734 2611 et
749 2550 928 2635 praterea
954 2538 1238 2612 demonstratio-

98 2682 197 2748 nem,
214 2670 257 2732 ut
272 2659 429 2734 vocabat
451 2657 524 2746 ille,
541 2656 756 2753 aequalitatis
780 2656 877 2728 inter
899 2655 1034 2728 lineam
1053 2656 1238 2753 quandam

97 2786 241 2849 rectam
257 2786 296 2848 et
314 2785 480 2871 quartam
497 2783 639 2869 partem
657 2771 962 2845 circumferentiae
981 2772 1120 2845 circuli.
1155 2772 1242 2845 nis:

96 2891 231 2989 plicuit
263 2891 445 2987 plerisque
479 2889 746 2963 mathematicis
780 2888 915 2961 fiducia
939 2890 1019 2962 haec
1048 2889 1237 2979 Hobbesii,

97 3007 304 3106 praesertim
329 3006 543 3080 clarioribus
571 3017 608 3078 ct
625 3005 877 3078 Academicis:
905 3028 1059 3100 quorum
1083 3005 1237 3078 fortasse

97 3123 268 3199 nonnulli
297 3123 464 3196 arbitrati
492 3134 579 3195 sunt
605 3121 817 3195 difficillima
844 3146 998 3219 quaeque
1025 3121 1238 3218 geometriae

96 3242 326 3338 problemata
343 3240 411 3313 sihi
430 3238 516 3312 solis
543 3238 761 3312 invenienda
787 3239 979 3312 reservari.
1031 3239 1162 3334 ltaque
1190 3238 1243 3312 ad·

99 3356 336 3431 evertendam
366 3353 715 3428 demonstrationem
743 3354 854 3443 illam,
883 3368 921 3429 et
949 3355 1127 3428 Hobbesii
1149 3379 1238 3451 geo-

98 3472 270 3546 metriam
287 3471 507 3558 universam,
531 3469 647 3542 edidit
673 3468 808 3543 librum
833 3471 1022 3545 lohannes
1039 3471 1236 3565 Wallisius,

98 3591 138 3664 in
157 3589 357 3663 Academia
373 3586 574 3663 Oxoniensi
598 3586 784 3660 Professor
810 3586 1030 3662 Geometriae
1056 3589 1237 3684 publicus,

99 3706 160 3780 cui
187 3704 318 3778 titulus
342 3720 421 3778 erat
452 3701 635 3776 Eteocles
666 3702 890 3778 Geometriae
917 3704 1135 3778 Hobbiance.
1197 3713 1238 3775 Ee

98 3835 307 3914 τοῡδιᾶρχεται
321 3835 336 3893 ὁ
349 3837 487 3912 strepas:
518 3831 733 3917 gestumque
767 3834 823 3895 est
853 3823 988 3896 bellum
1021 3834 1239 3919 perpetuum

98 3940 197 4012 inter
220 3938 302 4011 illos
319 3937 398 4010 sine
414 3936 570 4011 induciis
594 3934 871 4032 geometricum.
922 3939 1024 4012 Nihil
1048 3940 1144 4013 enim
1161 3940 1251 4014 fere

99 4055 147 4128 ab
164 4055 281 4128 altero
305 4053 568 4149 scriptumest,
587 4053 686 4148 quod
711 4055 757 4128 ab
775 4055 892 4130 altero
910 4080 985 4129 non
1008 4070 1066 4130 est
1090 4057 1237 4154 publice

99 4183 368 4269 oppugnatum.

519 4407 535 4440 ¹
552 4405 601 4465 sie
627 4408 696 4466 edit.
715 4408 799 4468 1672.
