2932 5054
319 445 374 498 An
394 443 585 497 canrrsrr
603 443 935 497 uanrramouas.
1068 429 1140 496 261

107 611 326 709 percipitur:
352 611 445 687 adeo
465 622 508 684 ut
528 637 612 685 cum
628 612 710 686 volo
728 621 766 685 et
783 612 908 700 timeo,
926 609 1012 707 quia
1036 609 1144 684 simul
1176 639 1323 682 caracam

109 725 271 822 percipio
298 726 473 800 mavelle
499 738 538 800 et
564 726 705 815 timere,
721 725 801 821 ipsa
819 724 946 798 volitio
970 736 1010 798 et
1033 725 1145 799 timor

109 838 207 912 inter
229 838 369 912 ideasa
390 863 448 912 me
473 849 721 912 numerentur.
774 837 945 934 Ususqne
969 861 1050 911 sum
1072 837 1144 911 hoc

108 950 268 1040 nomine,
296 952 382 1048 quia
407 954 485 1048 jam
514 952 642 1025 tritum
672 961 751 1024 erat
779 975 802 1024 a
829 949 1066 1047 philosophis,
1096 949 1146 1025 ad

107 1063 245 1138 formas
267 1065 544 1161 perceptionum
567 1064 699 1138 mentis
723 1064 854 1137 divinae
873 1062 1144 1161 significandas,

107 1177 275 1273 quamvis
300 1177 439 1251 nullam
463 1177 501 1250 in
523 1177 601 1251 Deo
627 1177 856 1274 phantasiam
880 1201 1144 1275 agnoscamus:

108 1300 147 1364 et
167 1289 307 1363 nullum
334 1290 455 1387 aptius
478 1289 670 1364 habebam.
723 1290 818 1364 Satis
838 1303 961 1365 autem
978 1302 1068 1388 puto
1085 1313 1145 1365 me

109 1402 326 1499 explicuisse
343 1402 463 1476 ideam
480 1403 550 1476 Dei
566 1426 634 1500 pro
652 1403 698 1476 iis
715 1402 778 1500 qui
795 1403 842 1477 ad
858 1427 981 1477 meum
998 1427 1145 1478 sensum

108 1516 238 1590 volunt
254 1516 461 1591 attendere:
480 1517 545 1589 sed
561 1540 629 1612 pro
642 1516 688 1589 iis
701 1517 764 1612 qni
779 1541 863 1590 mea
874 1518 987 1590 verba
1004 1517 1147 1591 malunt

109 1629 216 1703 aliter
232 1653 342 1726 quam
359 1653 427 1726 ego
445 1629 661 1725 intelligere,
679 1654 866 1727 nunquam
882 1653 1027 1726 possem
1045 1630 1145 1704 satis.

111 1740 224 1816 Quod
239 1740 397 1838 denique
421 1741 482 1815 hic
499 1740 602 1815 addit
616 1741 662 1816 de
681 1743 807 1816 mundi
825 1743 1022 1830 creatione,
1036 1744 1146 1841 plane

110 1865 168 1928 eat
179 1879 204 1928 a
220 1855 423 1952 quastione
440 1854 610 1929 alienum.

489 2073 690 2128 onsuc'rlo
710 2075 766 2127 vl.

110 2224 208 2302 Alia
232 2250 318 2300 aero
347 2225 618 2322 (cogitationes)
645 2225 744 2300 alias
767 2227 945 2325 quasdam
959 2236 1149 2326 praterea

146 2341 302 2440 formos
331 2338 482 2413 labent:
516 2348 557 2412 at
586 2363 665 2412 cam
694 2339 786 2431 volo,
811 2365 891 2414 cnm
921 2340 1041 2430 timeo,
1068 2365 1149 2415 cam

160 2454 314 2549 affirmo,
333 2478 413 2527 cam
429 2477 538 2552 nego,
562 2476 707 2552 semper
731 2453 879 2552 quidem
895 2453 1055 2552 aliquam
1073 2478 1150 2527 rem

160 2576 202 2639 at
214 2565 414 2662 subjectam
431 2591 520 2639 mcoe
534 2566 776 2664 cogitationis
787 2567 1039 2666 apprehendo.
1073 2567 1154 2642 Sea

161 2678 313 2779 aliquid
326 2679 439 2752 etiam
456 2677 616 2778 amplias
634 2703 741 2775 qaam
758 2679 868 2753 istius
892 2682 951 2755 rei
975 2679 1149 2755 similita-

163 2793 285 2867 dinem
314 2793 544 2890 cogitatione
569 2790 815 2891 conplector:
845 2804 884 2868 et
909 2820 956 2867 ea
980 2794 1041 2867 lia
1063 2793 1150 2869 alic

160 2904 375 2994 voluntates,
410 2905 494 2978 alin
527 2906 694 3001 affectas,
729 2904 818 2980 alico
851 2917 973 2981 antem
996 2906 1150 3002 judicia

162 3018 415 3117 appellantur.

162 3195 256 3268 Cum
274 3192 355 3289 quis
372 3191 451 3264 vult
462 3192 520 3265 vel
537 3192 654 3278 timet,
668 3191 778 3265 habet
788 3192 936 3288 quidem
952 3193 1150 3290 imaginem

111 3307 167 3382 rei
194 3330 304 3404 quam
328 3305 434 3378 timet
462 3319 501 3378 et
528 3304 682 3378 actionis
710 3328 818 3401 quam
845 3307 940 3379 vult:
969 3305 1034 3379 sed
1061 3305 1151 3402 quid

111 3420 266 3517 amplius
282 3418 408 3492 volens
425 3417 483 3490 vel
501 3418 635 3491 timens
653 3418 877 3514 cogitatione
903 3420 1148 3516 amplectitur,

111 3557 189 3608 non
211 3531 424 3629 explicatur.
477 3532 527 3604 Et
554 3530 732 3628 siquidem
756 3532 868 3606 timor
892 3534 939 3606 sit
962 3533 1148 3630 cogitatio,

1182 721 1328 826 „aa

111 3669 188 3719 non
203 3645 310 3718 rideo
328 3669 399 3742 quo
414 3643 523 3718 modo
539 3656 751 3743 potestesse
764 3646 835 3719 alia
849 3671 959 3742 quam
973 3646 1149 3742 cogitatio
1274 3674 1277 3684 ·

112 3759 167 3831 rei
192 3782 302 3855 quam
326 3758 407 3854 quis
432 3758 548 3831 timet.
603 3757 701 3833 Quid
728 3761 825 3832 enim
848 3774 905 3833 est
928 3761 1039 3834 timor
1056 3761 1150 3832 irru-

111 3874 209 3946 entis
234 3870 362 3959 leonia,
380 3870 480 3943 aliud
505 3895 613 3967 quam
641 3870 724 3944 idea
750 3871 922 3946 irruentis
951 3872 1081 3960 leonia
1112 3881 1151 3945 et

113 3986 263 4059 effectus
277 4008 385 4080 quem
399 3984 482 4056 talis
493 3984 576 4057 idea
585 3993 738 4080 generat
748 3983 786 4056 in
800 3984 921 4073 corde,
933 4009 1004 4081 quo
1016 3985 1150 4059 timens

112 4097 301 4171 inducitur
313 4096 361 4170 ad
376 4107 519 4171 motum
532 4095 726 4170 animalem
739 4095 841 4169 illum
855 4120 963 4192 quem
975 4122 1150 4172 vocamus

113 4208 262 4305 fugam?
312 4209 395 4283 Jam
420 4220 541 4282 motus
564 4208 625 4282 hic
650 4209 748 4305 fugae
770 4232 846 4281 non
873 4220 930 4282 est
959 4210 1149 4306 cogitatio.

114 4324 240 4398 Quare
256 4332 421 4397 remanet
437 4346 513 4397 non
530 4345 609 4396 esse
628 4322 668 4395 in
686 4321 817 4395 timore
834 4322 943 4396 aliam
956 4323 1150 4419 cogitatio-
