2932 5054
441 432 636 488 csusnut
654 433 819 487 suevis.
1107 417 1154 496 73

464 788 713 844 PROPOSITIO
745 790 806 842 xl.

168 943 216 1021 Si
240 950 455 1017 momentum
482 941 740 1041 impedimento
765 941 992 1043 prepollet:
1023 951 1156 1017 motum

111 1057 241 1154 efficit.
297 1055 483 1152 Adeoque,
504 1055 541 1128 oi
564 1055 690 1130 nullm
708 1057 853 1156 suerit,
872 1057 1095 1131 inchoator:
1119 1056 1157 1129 oi

103 1169 334 1267 jamfuerit‚
352 1179 525 1268 uegetum.

165 1283 211 1357 Si
228 1281 422 1381 prepollet
442 1280 749 1381 impedimentum,
766 1281 933 1380 impedit.
982 1281 1158 1380 Adeoque

113 1407 260 1487 motum,
277 1395 314 1468 εἰ
329 1395 410 1493 quis
417 1396 501 1491 jam
513 1395 576 1484 sit,
593 1395 653 1471 ool
669 1395 780 1486 toltit,
797 1395 857 1469 ool
867 1394 1001 1469 saltem
1013 1395 1156 1471 minuit.

165 1509 223 1582 Et
240 1508 384 1606 quidem
400 1507 439 1581 in
455 1533 502 1581 eo
517 1508 663 1582 rotimte
673 1507 764 1607 plne
780 1508 941 1582 minuooe
957 1509 1070 1604 officit
1090 1519 1157 1583 ont

113 1621 281 1720 impedit,
298 1643 374 1720 qno
391 1621 512 1716 major
528 1631 586 1697 eet
601 1620 662 1696 ool
676 1621 794 1696 minor
809 1644 984 1696 enoeetuo
994 1621 1157 1720 propol-

114 1734 240 1809 lentis.

168 1846 214 1922 Si
224 1846 471 1947 emmonem,
488 1872 603 1947 neque
615 1846 772 1947 ponitur
784 1856 914 1938 motos,
927 1871 1043 1945 oeque
1059 1845 1158 1922 tolli·

116 1972 192 2035 ίαν.
241 1961 420 2060 Adeoque
436 1987 512 2060 quo
522 1962 637 2061 prino
650 1970 746 2052 erat,
759 1959 820 2034 ool
834 1961 940 2059 quies
952 1959 1014 2035 vel
1028 1969 1157 2050 motos,

109 2083 346 2172 perseverat.

167 2187 273 2261 Falsa
289 2199 356 2261 est.
408 2187 505 2261 Num
522 2211 650 2262 sunum
675 2196 784 2261 terrae
806 2186 969 2261 insidens
990 2209 1157 2261 momen-

115 2312 199 2373 tum
230 2300 353 2390 hubet,
381 2312 561 2396 quantum
591 2299 733 2373 scilicet
757 2311 814 2372 est
846 2299 961 2396 ipsius
990 2300 1156 2396 pondus:

115 2422 362 2502 temnentem,
374 2413 461 2509 quin
472 2414 548 2486 vim
565 2411 759 2485 motrioem
776 2434 920 2486 sursum
937 2413 1076 2486 nullum
1092 2414 1158 2487 hu-

116 2527 193 2615 bet,
216 2539 444 2599 momentum
464 2525 607 2599 nullum
629 2526 753 2599 habet.
804 2525 903 2620 Ergo
930 2537 1158 2600 momentum

116 2637 345 2712 contrarium
361 2638 502 2711 nullum
518 2639 641 2712 habet.
685 2637 919 2711 Momentum
944 2638 1057 2736 igitur
1079 2639 1157 2713 saxi

117 2751 310 2848 praepollet
325 2751 588 2848 impedimento
606 2762 744 2825 eterra
761 2751 800 2823 in
818 2751 962 2824 tutione
985 2751 1157 2848 ponderis

116 2865 196 2938 suxi
230 2863 279 2938 ud
307 2864 410 2937 nihil.
461 2866 561 2959 Ergo
596 2887 726 2937 saxum
760 2875 868 2938 terrae
901 2864 1063 2937 insidens
1098 2866 1159 2938 de·

116 2975 280 3052 scendet.
332 2978 444 3053 Quod
458 2990 516 3051 est
532 2976 743 3050 absurdum.

167 3089 340 3164 Secundo
355 3113 453 3187 pars,
466 3090 502 3161 ei
520 3088 767 3188 oquipollemt,
784 3113 900 3187 meque
909 3090 1070 3187 ponitur
1085 3112 1160 3160 mo·

117 3213 177 3277 tuo
193 3228 305 3300 oeque
322 3202 479 3291 tollitur,
496 3225 592 3276 vana
608 3212 673 3276 est.
702 3202 799 3275 Nam
816 3203 914 3276 inter
931 3211 1159 3275 momentum

112 3316 248 3415 gronio
265 3315 436 3389 deorsum
453 3316 632 3405 conantis,
651 3315 749 3411 quod
766 3325 822 3388 est
848 3314 1008 3410 aliquod,
1026 3325 1064 3388 et
1079 3338 1159 3388 mo-

117 3440 282 3503 mentum
295 3429 432 3528 grooie
449 3429 616 3503 conantis
633 3452 790 3519 sursum,
808 3428 907 3524 quod
927 3439 984 3501 est
1005 3427 1158 3518 nullum,

116 3542 219 3615 nullu
234 3554 358 3639 potest
375 3566 453 3616 esse
470 3541 755 3639 aequipolleutia.

167 3654 278 3731 Quod
295 3653 406 3728 infert
419 3655 547 3728 ultimo
565 3656 658 3745 loco,
674 3654 835 3752 adeoque
850 3679 926 3750 qne
935 3654 1051 3753 prius
1062 3663 1160 3742 erut,

116 3767 177 3842 vel
192 3768 296 3865 quies
313 3766 373 3840 ool
388 3777 517 3855 motos,
528 3777 765 3865 perseverat,
783 3793 829 3841 ex
850 3767 947 3841 illius
963 3768 1159 3863 praemissis

117 3905 190 3955 nou
208 3882 392 3978 sequitur:
410 3904 497 3954 vera
513 3895 636 3954 tamen
650 3894 718 3970 est,
736 3893 774 3954 et
791 3904 814 3954 u
830 3905 888 3953 me
907 3880 1159 3954 demonstrata

119 3996 227 4087 (libro
248 4015 302 4067 ne
333 4015 538 4080 consonu,
560 4017 640 4089 cop.
659 3994 707 4065 ix.
733 4006 802 4066 art.
824 3997 878 4086 7),
898 4017 1007 4089 quam
1031 3993 1091 4066 ille
1120 3993 1160 4067 in

117 4107 281 4182 ΕΙιηιεΙιο
300 4130 368 4180 suo
385 4119 538 4180 conatus
556 4119 611 4180 est
629 4106 805 4180 refellere.

164 4223 206 4295 In
220 4219 375 4296 Soloolio
392 4220 440 4292 ud
456 4221 742 4317 propositionem
762 4221 857 4294 huno
871 4243 984 4311 suam,
1004 4221 1161 4293 affirmat

116 4333 377 4432 propositionis
396 4356 468 4408 suae
492 4346 635 4430 partem
653 4333 748 4407 hanc
775 4333 940 4407 ultimam
956 4357 978 4406 a
996 4332 1159 4420 Galilaeo,

1199 973 1283 1014 euos.
1299 973 1343 1015 ιι.

1194 1042 1338 1078 κ-ν-ν
