2932 5054
315 432 371 484 an
391 431 584 485 osannam
604 433 935 487 unntaautouns.
1072 424 1145 490 255

155 597 299 685 Potest,
316 597 447 695 inquit,
475 622 559 672 case
586 609 628 673 at
654 623 717 672 res
742 603 914 698 cogitans
940 599 992 673 sit
1018 622 1148 700 corpo-
1186 631 1332 674 ommno

105 735 207 785 ream
226 709 397 808 aliquid:
422 713 527 808 mojas
544 715 769 786 contrariam
784 715 952 798 sumitur,
969 740 1041 788 aon
1059 739 1149 813 pro·
1191 715 1330 818 ‚L

108 824 229 899 batur.
281 825 373 914 Imo,
397 826 624 899 contrarium
651 850 726 900 non
756 828 947 924 assumpsi,
973 851 1043 901 nec
1074 828 1148 902 ullo

107 938 216 1012 modo
235 963 279 1013 eo
295 962 382 1012 usus
405 962 486 1012 sum
503 963 570 1035 pro
594 938 848 1029 fundamento,
875 940 940 1015 sed
956 941 1065 1038 plane
1091 941 1149 1014 in-

107 1051 390 1125 determinatum
408 1052 672 1149 reliquiasque
699 1053 746 1127 ad
773 1064 914 1128 sextam
932 1053 1149 1128 Meditata'o·

106 1189 197 1252 ncm,
214 1165 253 1238 in
271 1189 344 1261 qua
360 1165 548 1261 probatur.

156 1277 300 1352 Deinde
317 1291 417 1351 recte
435 1278 536 1366 dicit,
554 1302 619 1351 aaa
645 1302 716 1351 non
736 1303 853 1378 posse
876 1279 1071 1377 concepere
1088 1304 1150 1353 oc-

109 1399 183 1463 tam
205 1415 309 1464 auam
332 1391 412 1464 sinc
438 1390 599 1486 subjecto
615 1414 693 1482 sao,
710 1401 751 1464 at
780 1394 1044 1492 cogitationem
1071 1394 1151 1467 sinc

108 1530 150 1578 rc
172 1506 376 1604 cogitante,
394 1505 482 1603 quia
507 1503 550 1578 ia
576 1504 679 1603 qaod
705 1506 848 1605 cogitat
874 1530 944 1578 non
960 1514 1017 1577 cst
1044 1504 1150 1581 nittt.

111 1618 184 1692 Sed
201 1620 336 1716 absque
353 1619 429 1692 ulla
444 1619 599 1709 ratione,
614 1629 653 1691 et
669 1632 798 1693 contra
815 1643 960 1693 omnem
976 1618 1152 1714 loquendi

110 1754 215 1804 usam
234 1755 453 1828 omnemque
470 1731 629 1827 logicam
646 1731 762 1821 addit,
790 1732 876 1806 laiac
900 1731 1021 1806 videri
1050 1731 1152 1828 sequi

111 1868 190 1917 rem
217 1845 444 1945 cogitantem
472 1868 555 1918 csse
580 1868 792 1943 corpoream
821 1844 919 1942 qaid.
978 1845 1152 1941 Subjecta

110 1957 207 2030 enim
241 1957 404 2030 omnium
431 1970 581 2030 actuum
616 1957 873 2055 intelliguntur
903 1957 1051 2055 quidem
1083 1959 1151 2032 sub

111 2071 254 2144 ratione
271 2071 494 2159 substantiae,
511 2070 569 2143 vel
596 2071 756 2144 etiamsi
784 2071 887 2145 lubet
913 2073 981 2145 sub
1010 2071 1152 2144 ratione

110 2184 287 2270 materiae,
304 2206 436 2280 nempe
463 2183 742 2281 metaphysicae:
768 2208 843 2258 non
866 2196 990 2259 autem
1013 2184 1151 2259 idcirco

111 2297 178 2370 sub
196 2297 337 2370 ratione
353 2319 560 2392 cmporum.

162 2410 235 2483 Sed
248 2424 287 2483 et
310 2410 432 2506 logici,
451 2420 489 2483 et
505 2408 616 2506 vulgo
634 2432 772 2500 omnes,
791 2411 913 2485 dicere
931 2412 1051 2485 solent
1068 2411 1153 2484 snb-

112 2524 268 2617 stantias
285 2523 375 2596 alias
392 2547 472 2597 esse
490 2523 710 2619 spirituales,
728 2523 818 2596 alias
836 2547 1039 2620 corporeas.
1074 2525 1154 2598 Nee

113 2635 212 2708 alind
229 2636 401 2732 probari*
420 2636 588 2732 exemplo
607 2659 713 2724 cerae,
732 2637 802 2708 nisi
819 2647 963 2708 tantum
981 2637 1154 2726 colorem,

114 2748 299 2838 duritiem,
315 2750 484 2844 figuram,
503 2773 577 2821 non
595 2751 779 2845 pertinere
801 2747 849 2820 ad
874 2749 1056 2822 rationem
1082 2750 1154 2823 for·

113 2861 245 2935 malem
262 2862 374 2958 ipsius
392 2885 496 2934 cerae.
549 2861 629 2934 Nec
648 2862 759 2934 etiam
778 2862 823 2934 de
840 2863 985 2935 ratione
1009 2862 1154 2936 formali

114 2976 260 3065 mentis,
278 2998 347 3049 nee
365 2975 512 3071 quidem
530 2973 576 3046 de
590 2975 733 3048 ratione
750 2976 896 3049 formali
914 2977 1089 3073 corporis,
1105 2976 1155 3048 ibi

115 3111 186 3184 egi.

164 3201 293 3297 Neque
311 3201 358 3274 ad
375 3225 453 3274 rem
470 3201 642 3297 pertinet,
656 3202 754 3298 quod
772 3202 832 3276 hic
850 3201 1086 3299 philosophus
1105 3201 1157 3275 di·

116 3327 177 3389 cat
202 3338 313 3388 unam
331 3315 593 3410 cogitationem
612 3339 686 3389 non
709 3340 816 3412 posse
844 3339 922 3390 esse
951 3317 1158 3412 subjectum

116 3428 264 3501 alterius
290 3429 533 3524 cogitationis.
587 3429 680 3504 Quis
710 3430 808 3502 enim
839 3453 1000 3526 unquam
1026 3442 1159 3525 praeter

116 3542 235 3636 ipsum
252 3540 322 3613 hoc
337 3539 472 3614 finxit?
525 3540 598 3613 Sed
615 3554 752 3615 utrem
769 3542 885 3638 ipsam
902 3543 1028 3638 paucis
1046 3542 1157 3637 expli-

118 3677 209 3743 cem,
227 3667 368 3727 certum
386 3664 443 3726 est
469 3653 730 3749 cogitationem
754 3680 828 3728 non
854 3679 961 3752 posse
985 3679 1063 3728 esse
1080 3655 1158 3728 sine

116 3789 157 3839 re
175 3767 373 3862 cogitante,
392 3789 461 3839 nec
479 3767 629 3839 omnino
652 3767 767 3840 ullum
793 3781 916 3841 actum
943 3768 1019 3840 sive
1045 3767 1159 3841 ullum

117 3878 287 3952 accidens
318 3880 396 3952 sine
427 3880 630 3951 substantia
659 3881 719 3953 cui
750 3881 848 3953 insit.
911 3880 1007 3953 Cum
1037 3893 1159 3954 autem

117 3991 357 4065 substantiam
371 4015 444 4064 non
464 3991 673 4064 immediate
687 3994 882 4090 peripsam
896 4017 1160 4088 cognoscamus

118 4104 183 4178 sed
199 4129 266 4202 per
279 4105 350 4178 hoc
363 4117 519 4194 tantum,
534 4105 631 4203 quod
650 4107 697 4180 sit
711 4108 914 4204 subjectum
929 4106 1160 4202 quorundam

595 4344 612 4376 ⁴
630 4342 687 4401 Sic.
