2932 5054
530 427 865 481 uectuslssrlcs.

222 588 270 655 Et
284 591 421 674 quando,
437 601 471 656 et
485 614 600 657 nomen
614 591 718 657 dicere
733 601 897 678 promptus
912 600 992 657 erut:

181 689 330 772 Quantus
344 701 413 756 erut
427 702 538 777 stupor
552 690 712 777 bipedum,
725 691 839 776 quanti
853 691 1016 757 faciebant-

224 790 472 856 Astronomum!
518 791 630 856 Sooius
644 790 785 857 creditur
798 813 865 856 esse
880 789 953 857 Dei.

180 888 334 954 Attamen
349 899 387 954 ut
401 889 500 955 tritici
514 900 661 956 crescunt
676 889 796 954 zizsnis
809 889 843 954 in
857 889 951 967 urvis,

222 987 368 1054 Ambitio
382 987 519 1074 ingeniis
532 988 652 1076 gaudet
665 988 773 1054 adesse
793 988 893 1054 bonis.

178 1085 266 1151 Nem
280 1110 353 1153 cum
368 1109 401 1152 se
415 1097 506 1152 tento
520 1098 689 1154 senserunt
702 1110 770 1153 esse
784 1087 819 1152 in
833 1087 963 1166 honore,

221 1184 267 1250 Et
280 1208 338 1250 sus
352 1185 437 1252 dicta
451 1185 541 1251 velut
554 1186 641 1252 diets
653 1186 759 1252 valere
773 1184 847 1263 Dei,
1160 1191 1221 1251 140

179 1281 240 1349 Uti
255 1282 393 1349 stultitia
406 1283 516 1370 populi
531 1283 670 1361 voluere,
686 1285 792 1350 timeri

221 1381 391 1464 Quaerunt,
406 1382 580 1448 humanum
594 1383 837 1470 despiciuntque
850 1405 963 1470 genus.

178 1479 275 1548 Credi
290 1481 369 1548 scire
383 1481 495 1548 future
508 1482 623 1548 volunt
637 1504 851 1568 quiscunque:
875 1482 952 1568 quis
964 1481 1057 1548 usmis

223 1579 308 1646 Sunt
321 1580 481 1668 iuscripts,
496 1581 598 1661 siunt,
608 1605 667 1648 nec
681 1581 761 1668 legit
774 1592 859 1648 astru
872 1582 963 1647 nlius.

177 1680 213 1745 N
214 1703 250 1747 ec
263 1681 357 1747 modo
371 1680 548 1767 predicunt
562 1683 741 1748 adversust
755 1704 904 1768 prospers
916 1702 1038 1769 regum,

221 1779 285 1846 Sed
298 1779 430 1847 modicis
444 1781 541 1846 etiem
555 1780 623 1848 feta
636 1792 747 1867 purete
760 1780 845 1846 viris.

177 1878 240 1944 Sec.
264 1878 328 1945 Dic
343 1880 462 1967 quibus
477 1881 510 1944 in
525 1881 619 1946 terris
633 1881 782 1967 primum,
798 1902 863 1965 quo
877 1878 952 1957 sole,
966 1878 1099 1965 lutoque

218 1978 359 2066 Egregio
373 1979 504 2066 ingenia
517 1980 585 2046 haeo
598 1991 675 2045 nete
688 1979 787 2045 suisse
801 1977 914 2065 putes?

174 2077 234 2142 Pr.
257 2077 293 2142 N
294 2101 312 2144 e
326 2078 454 2144 dubites
468 2078 544 2157 illic,
559 2079 615 2145 ubi
630 2100 754 2145 summe
767 2075 911 2164 potentis
924 2073 998 2142 solis

223 2176 356 2264 Semper
368 2187 446 2255 eret,
463 2177 557 2244 tellus
572 2188 605 2243 et
617 2179 699 2243 bene
712 2187 803 2243 cocts
815 2174 897 2241 suit:
1160 2177 1222 2241 150

178 2274 306 2342 Multus
320 2277 376 2342 ubi
391 2298 518 2363 serpens
533 2288 567 2342 et
580 2297 711 2362 corpore
724 2273 866 2341 nescitur
879 2273 1003 2360 ingens,

222 2374 356 2461 Ingenio
370 2374 502 2441 vincens
516 2374 670 2460 quioquid
684 2373 822 2440 habebat
836 2395 921 2460 eger.

178 2473 242 2539 Sec.
265 2472 439 2560 AEthiopss
453 2474 541 2550 diois,
553 2496 634 2559 quos
648 2484 725 2539 sunt
739 2472 796 2558 qui
810 2471 915 2538 dicere
925 2470 1043 2558 primos

222 2572 253 2636 N
253 2595 296 2638 on
310 2572 460 2638 dubitent
473 2572 649 2649 hominum,
665 2593 746 2656 quos
759 2570 925 2658 generavit
938 2569 1063 2636 humus.

179 2671 244 2737 Ast
257 2693 316 2758 ego
331 2693 403 2735 cum
418 2670 529 2737 multis
543 2670 694 2737 deductas
709 2691 777 2735 esse
790 2668 902 2756 putavi

222 2769 322 2836 Artes
336 2768 486 2857 AEgypto
500 2792 644 2855 quasque
658 2769 914 2835 mathematicas:

178 2867 315 2935 Cernere
330 2869 385 2935 ubi
400 2868 506 2935 stelles
520 2869 635 2955 longus
649 2868 794 2934 concedit
808 2866 955 2943 horizon3

220 2967 402 3034 Adnictsnt
416 2967 551 3053 quoties,
567 2990 633 3053 quo
647 2977 827 3051 coeuntque
842 2965 920 3032 loco.

177 3065 298 3134 Nonne
311 3066 473 3153 AEgyptis
486 3077 554 3132 emt
568 3065 671 3153 pretio
686 3065 840 3152 sepientis
853 3064 1013 3149 quondam

222 3164 378 3252 Ingenti?
421 3165 467 3230 Et
482 3162 683 3232 Graecisnon
698 3164 950 3232 eratindesus?
1159 3167 1219 3227 160

179 3264 254 3348 Quo
268 3264 329 3330 nisi
343 3265 377 3328 in
391 3263 577 3352 AEgyptum
593 3264 697 3343 Pisto,
714 3264 839 3342 Thales,
854 3261 1128 3350 Pythagoraeque,

220 3365 335 3449 Atque
349 3363 403 3429 eiii
417 3364 524 3450 plures
538 3364 712 3450 eximiique
725 3363 795 3441 viri,

177 3460 224 3528 Et
238 3485 367 3540 vacuus,
382 3485 442 3528 nec
455 3463 575 3530 hebens
589 3462 700 3551 longss
714 3485 779 3548 quo
793 3460 918 3527 falleret
931 3461 1033 3537 horse,

220 3560 279 3627 Ad
293 3562 496 3628 mercandum
510 3574 594 3629 artes
609 3563 677 3628 ibst
690 3573 723 3628 et
737 3560 923 3647 ingenium?

178 3662 261 3729 Haec
275 3662 371 3728 etium
386 3662 472 3728 Mosi
486 3663 608 3750 placuit
622 3662 785 3750 sapientis,
801 3682 873 3727 cum
888 3659 944 3726 vix

219 3761 349 3828 Nomen
363 3760 448 3826 sums
461 3762 537 3827 setis
551 3773 684 3829 noverat
696 3760 900 3846 AEthiopum.

175 3862 236 3926 Pr.
260 3859 428 3948 AEgyptus
444 3858 584 3940 Graecos,
601 3861 708 3929 Graeoi
721 3861 857 3927 docuere
871 3858 1005 3925 Latinos

223 3963 330 4025 Artes:
354 3971 452 4044 etque
466 3961 561 4026 etism
576 3962 655 4048 (non
669 3959 767 4047 nego)
781 3982 868 4026 scere
882 3981 948 4024 sus.

178 4056 242 4125 Sed
257 4068 364 4124 temen
378 4057 549 4145 AEthiopee
564 4060 652 4146 prius
666 4058 860 4146 AEgyptum.
905 4056 985 4123 Fuit
998 4057 1053 4123 ills

219 4157 342 4235 Limus,
358 4158 486 4243 quando
500 4159 613 4246 ingens
627 4159 794 4224 sumserat
808 4157 1011 4244 AEthiopum.
1154 4157 1216 4223 170

174 4256 347 4342 AEthiopes
361 4257 487 4323 coluere
502 4258 586 4335 deos,
602 4260 696 4324 urbes
711 4257 858 4333 habuere,

217 4355 396 4433 Rexerunt,
411 4367 445 4421 et
459 4368 550 4423 erant
563 4356 685 4422 artibus
699 4353 819 4442 egregii

274 4478 368 4534 vol..
383 4480 423 4532 V.
