2932 5054
363 439 563 494 aosnruu
584 440 907 494 onomnrmonm.
1107 424 1156 503 47

163 609 434 705 Rectangulum
447 631 538 705 ergo
553 621 609 682 est
625 609 770 699 FGCH,
784 622 822 685 et
839 611 1025 709 triangula
1042 608 1154 698 ABF,
1181 630 1266 676 που.
1282 633 1348 675 xrx.

111 720 212 799 FBG
227 722 370 797 similia
422 722 489 795 Est
512 745 603 818 ergo
628 733 671 796 ut
688 721 756 795 AB
774 723 823 797 ad
847 723 923 812 FB,
945 727 999 799 ita
1022 723 1084 797 FB
1108 723 1154 797 ad
1169 701 1339 804 ruffi

110 835 190 926 BG,
208 847 246 911 et
262 836 316 909 ita
332 832 399 911 BG
411 833 460 908 ad
476 832 551 909 BG.
597 833 759 909 Inventae
777 861 866 933 ergo
883 850 971 911 sunt
986 836 1060 926 BF,
1078 834 1155 926 BG,
1168 825 1354 934 ffifffl'

111 949 196 1024 dnae
207 947 341 1023 mediae
354 947 647 1045 proportionales
661 948 758 1021 inter
773 948 896 1023 datam
910 949 980 1024 ΑΒ
998 961 1036 1025 et
1052 950 1156 1024 dimi-

111 1061 212 1136 diam
229 1064 308 1158 ejus
327 1058 402 1135 ΒΟ.
453 1060 566 1136 Quod
579 1071 659 1134 erat
675 1059 897 1136 faciendum.

164 1172 304 1248 coroa.
331 1172 570 1247 Manifestum
595 1185 653 1245 est
676 1197 721 1246 ex
744 1175 1052 1271 praecedentibus,
1069 1175 1158 1249 dua·

109 1312 194 1362 rum
223 1285 426 1360 mediarum
451 1288 629 1383 majorem
656 1310 736 1360 esse
759 1300 958 1378 octantem,
975 1289 1157 1362 minorem

112 1402 205 1477 duas
234 1401 381 1498 quintas
414 1424 522 1474 arcus
557 1399 775 1497 quadrantis
802 1400 976 1498 descripti
1005 1403 1051 1475 ab
1077 1401 1156 1475 AB.

112 1515 208 1588 Item
226 1514 305 1604 ΑΒ,
324 1513 400 1586 sive
418 1514 499 1601 CH,
514 1514 695 1610 aequalem
708 1537 788 1587 esse
805 1514 882 1588 FG:
901 1529 940 1587 et
958 1515 1023 1589 BG
1035 1538 1158 1612 aequa-

112 1629 185 1703 lem
208 1652 289 1702 esse
312 1627 366 1701 illi
390 1628 488 1724 parti
510 1641 624 1702 rectae
651 1627 723 1702 CH
750 1652 860 1723 quam
886 1627 1068 1701 abscindit
1092 1628 1158 1701 AB

113 1740 400 1839 computandam
416 1765 440 1814 a
455 1752 595 1838 puncto
614 1742 655 1816 C.
708 1742 803 1816 Quae
820 1741 945 1814 omnia
966 1739 1013 1814 ad
1032 1740 1157 1814 oculos

114 1854 346 1931 demonstrat
361 1854 601 1952 problematis
617 1855 857 1930 constructio.

512 2408 650 2485 PROP.
677 2409 764 2482 XX.

133 2607 188 2659 DE
209 2604 376 2659 CENTRO
396 2604 648 2660 GRAVITATIS
669 2606 940 2667 QUADRANTIS
961 2605 1142 2658 CIRCULl.

117 2749 328 2823 Caunum
346 2748 540 2844 gravitatis
553 2748 769 2844 quadrantis
787 2747 914 2821 circuli
931 2758 987 2820 est
1004 2748 1042 2820 in
1061 2759 1162 2822 recta

116 2886 138 2936 e
155 2874 286 2937 centro
299 2860 489 2936 dividente
503 2886 629 2934 arcum
645 2861 816 2934 bifariam
832 2888 840 2933 :
859 2871 896 2934 et
911 2861 1024 2934 distat
1041 2886 1064 2933 a
1076 2886 1163 2935 cen-

118 2988 178 3050 tro
199 2975 328 3049 circuli
356 2988 461 3049 tanto
491 2986 628 3073 quanta
649 2987 707 3047 est
733 2974 854 3047 media
878 2974 1165 3071 proportionalis

117 3088 216 3162 inter
233 3087 547 3162 semidiametrum
566 3100 602 3162 et
621 3089 712 3162 duos
729 3090 807 3185 ejus
825 3088 984 3184 quintas.

169 3200 410 3275 Describatur
424 3202 646 3299 quadratum
659 3199 807 3290 ΑΒΟΙ),
822 3215 860 3273 et
871 3207 911 3273 in
922 3225 966 3274 eo
980 3199 1164 3296 quadrans

118 3311 241 3388 ADC:
268 3312 522 3411 ducanturque
555 3314 766 3409 diagonales
792 3310 872 3403 AC,
899 3312 979 3405 BD,
1010 3337 1167 3410 quarum

119 3423 189 3500 BD
208 3427 351 3501 secabit
367 3450 494 3501 arcum
512 3425 578 3501 AC
597 3428 766 3501 bifariam
783 3427 822 3500 in
840 3425 885 3499 L.

171 3536 387 3614 Inveniatur
403 3541 502 3613 inter
518 3540 830 3613 semidiametrum
849 3537 914 3614 DC
928 3550 965 3612 et
979 3538 1068 3613 duas
1086 3540 1168 3634 ejus

120 3653 268 3751 quintas
281 3652 404 3727 media
417 3652 703 3751 proportionalis
721 3649 792 3724 DB
809 3679 817 3723 :
836 3664 874 3725 et
890 3651 995 3725 radio
1013 3650 1084 3724 DR
1102 3651 1166 3724 de-

121 3765 304 3840 scribatur
330 3790 438 3841 arous
455 3765 671 3863 quadrantis
696 3765 770 3854 RS,
789 3788 916 3838 secans
934 3762 1167 3860 diagonalem

121 3875 190 3951 BD
207 3878 247 3952 in
264 3904 300 3953 z.

170 3990 266 4067 Dico
285 4017 309 4064 z
326 4014 405 4065 esse
422 4003 593 4065 centrum
610 3991 803 4090 gravitatis
817 3991 1031 4087 quadrantis
1050 3987 1165 4065 DAC.

171 4105 329 4180 Secetur
344 4103 567 4203 quadratum
584 4104 720 4181 ABOD
738 4130 761 4179 a
783 4106 895 4179 rectis
918 4105 990 4192 EF,
1008 4104 1092 4190 GH,
1110 4127 1168 4176 se-

122 4220 292 4295 cantibus
309 4243 349 4293 se
366 4232 495 4294 mutuo
509 4232 546 4294 et
559 4219 607 4293 ad
623 4219 778 4316 angulos
792 4230 913 4293 rectos
926 4218 964 4291 in
979 4217 1010 4306 I,
1022 4217 1170 4315 quadri-

121 4333 264 4408 fariam.
317 4335 502 4430 Jungutur
520 4332 598 4424 DF,
618 4356 745 4408 secans
768 4356 895 4408 arcum
912 4331 978 4406 AC
997 4331 1035 4404 in
1054 4331 1105 4404 P:
1132 4340 1168 4403 et
