2932 5054
426 457 512 512 unx
532 458 853 511 narunnnmcu.
1089 442 1157 509 123

112 631 215 695 recta
232 620 301 694 DR
318 635 407 696 eunt
423 624 594 721 aequales.
647 623 692 698 Id
715 637 784 710 est,
801 622 923 698 media
949 621 1157 721 proportio·
1170 646 1370 692 conrnovun-

112 733 205 807 nolis
238 734 337 808 inter
371 738 685 812 semidiametrum
719 750 756 812 et
786 737 877 811 duas
905 739 985 833 ejus
1012 735 1159 833 quintas
1200 728 1344 833 Q

112 848 264 942 aeqnalis
289 861 346 922 est
380 850 522 925 duabus
553 853 691 948 quintis
716 865 858 949 quartae
887 851 1003 948 partis
1031 849 1160 924 circuli

112 960 429 1034 circumferentia.
481 965 592 1039 Quod
609 978 690 1038 erat
707 965 1046 1039 demonstrandum.

163 1074 307 1147 Contra
319 1075 400 1149 haeo
412 1077 600 1151 Wallisina
617 1078 745 1174 objicit
758 1079 797 1151 in
814 1079 895 1151 haee
908 1077 1039 1151 verba:
1065 1075 1159 1148 Pro·

104 1187 252 1284 positio
270 1189 397 1284 quintu
415 1191 520 1287 (quie
537 1190 685 1264 exhibet
704 1191 886 1264 rationem
902 1190 1007 1263 rodii
1023 1189 1078 1262 ad
1092 1213 1160 1287 pe-

112 1301 301 1373 rimetruru
330 1303 475 1391 circuti,
502 1313 543 1378 ut
569 1305 604 1377 R
632 1303 685 1377 ad
711 1301 890 1394 lom-2
924 1302 993 1376 noc
1021 1313 1090 1390 eat,
1119 1311 1161 1375 ut

118 1421 251 1500 10,000
268 1413 323 1487 ud
340 1415 540 1513 plusquam
559 1426 709 1506 63,245‚
728 1441 838 1514 quum
856 1416 927 1489 cdii
941 1415 1103 1512 faciunt
1121 1425 1162 1488 ut

118 1535 251 1615 10,000
275 1527 330 1600 ud
349 1528 466 1602 uriunu
483 1555 593 1626 quum
622 1531 775 1622 62‚832)
806 1528 989 1626 dependet
1015 1554 1062 1601 eu
1090 1528 1163 1601 hue

113 1641 395 1736 consequentia:
421 1642 590 1738 quonium
617 1653 657 1715 ut
684 1642 749 1716 DC
779 1641 833 1714 ud
851 1641 932 1730 DR,
957 1641 1091 1713 radiua
1109 1640 1165 1714 od

114 1753 277 1841 rudium,
295 1753 352 1826 uic
370 1777 482 1827 orcus
501 1756 561 1829 CA
583 1757 638 1829 ud
653 1780 781 1829 orcum
799 1756 859 1828 RS
878 1753 1090 1847 (similem),
1105 1754 1163 1826 itu

114 1865 380 1965 quadrantalia
410 1893 522 1942 arcun
549 1870 760 1968 descriptus
786 1868 899 1941 radio
929 1868 1006 1955 DC,
1026 1867 1069 1940 id
1092 1876 1162 1952 eat,

114 2004 229 2054 arcus
253 1979 331 2068 CA,
349 1981 405 2053 nd
427 2005 555 2055 orcum
585 1982 813 2080 descriptum
834 1982 857 2073 (
857 1980 969 2053 radio
994 1980 1075 2068 DR,
1093 1979 1163 2051 doc

114 2104 185 2178 eet,
203 2118 330 2166 orcum
349 2094 423 2182 RS,
440 2093 497 2166 nic
514 2094 708 2169 dicendum
734 2104 817 2168 eat:
842 2093 914 2166 aed
934 2091 1022 2186 ille)
1050 2091 1163 2165 radio

117 2207 179 2279 Rs
196 2216 348 2279 extenso
366 2205 404 2278 in
433 2207 706 2282 rectitudinem.
761 2206 871 2294 Quod
895 2204 1055 2280 absurde
1083 2205 1164 2279 dic-

115 2329 192 2399 tum
209 2342 291 2393 ease
301 2343 378 2416 per
395 2343 435 2390 ae
452 2318 575 2416 liquet.

169 2431 245 2507 Sed
261 2445 519 2529 argumentum
543 2431 634 2506 illud
652 2456 674 2504 a
691 2432 876 2505 radicibus
903 2431 1163 2521 numeralibnS,

117 2546 294 2643 quoniam
316 2544 355 2616 in
377 2544 638 2617 Controversia
657 2546 693 2617 iv
710 2545 925 2619 damnatum
943 2557 982 2619 et
1003 2544 1165 2642 prohibi·

117 2672 198 2734 tum
216 2669 284 2743 est,
301 2658 393 2732 nihil
410 2658 518 2731 valet.
570 2659 692 2732 Verba
709 2671 833 2733 autem
850 2668 1002 2733 euteuao
1020 2659 1059 2731 in
1084 2682 1165 2730 rec·

117 2772 312 2846 titudinem
335 2772 591 2861 redundantia,
609 2797 684 2845 uon
703 2785 790 2846 sunt
809 2774 848 2845 in
866 2770 1066 2868 exemplari
1084 2793 1166 2844 cor·

117 2898 235 2974 recto,
253 2886 301 2959 ad
319 2886 418 2982 quod
436 2886 734 2982 respondendum
748 2898 839 2959 erat.

180 2999 456 3073 Demonstratio
498 3001 714 3074 brevissima
747 3014 787 3073 et
824 2997 1050 3072 lucidissima
1088 2996 1166 3070 dia·

117 3136 287 3208 gramma
304 3112 457 3210 simplex
475 3124 543 3187 est.
596 3113 809 3187 Mirandum
836 3113 1025 3208 igiturest
1047 3109 1167 3183 homi·

118 3249 219 3313 nem,
237 3225 301 3299 diu
326 3226 365 3299 in
382 3225 633 3300 controversia
650 3227 720 3299 hae
733 3237 931 3313 versatum,
950 3223 1042 3296 adeo
1056 3235 1167 3319 potn-

118 3339 192 3412 iase
210 3340 383 3412 caecutire
400 3351 443 3412 ut
460 3363 536 3412 non
554 3340 694 3413 videret
710 3364 859 3413 necasse
876 3362 966 3426 esse,
983 3338 1014 3410 si
1036 3337 1101 3411 TV
1119 3336 1168 3410 sit

119 3451 205 3526 duae
223 3451 361 3548 quintae
386 3477 495 3526 arcus
513 3453 589 3542 CA,
613 3454 727 3526 etiam
753 3477 877 3527 arcum
904 3451 1168 3546 descriptuma

121 3565 264 3639 duabus
293 3566 365 3640 illis
392 3565 530 3663 quintis
557 3589 637 3638 esse
668 3567 759 3640 duas
790 3567 936 3663 quintas
966 3587 1072 3638 arcus
1103 3562 1168 3635 de·

120 3679 250 3775 scripti
267 3704 290 3751 a
308 3679 391 3752 CA:
416 3691 493 3766 aut,
512 3678 544 3751 si
567 3680 628 3752 Rs
654 3690 711 3753 est
737 3679 859 3752 media
885 3675 1168 3775 proportionalia

120 3794 221 3867 inter
239 3792 304 3865 CA
327 3804 366 3864 et
384 3791 462 3880 TV,
480 3816 554 3864 non
583 3792 694 3865 etiam
724 3792 880 3866 eandem
904 3791 995 3864 duas
1020 3790 1169 3887 quintas

121 3930 201 3980 esse
219 3929 327 3979 arcus
346 3905 520 4001 descripti
538 3906 584 3978 ab
602 3931 689 3979 arcu
708 3906 794 3979 CA:
821 3919 898 3995 aut,
922 3928 1005 3977 oum
1029 3903 1173 3998 legeret

120 4043 202 4094 esse
220 4032 263 4092 ut
290 4018 353 4091 RS
371 4017 420 4090 ad
437 4018 505 4091 CA
522 4017 576 4090 ita
602 4043 729 4091 arcum
757 4019 842 4092 RS*
872 4019 921 4091 ad
947 4040 1074 4090 areum
1105 4014 1170 4088 de-

121 4135 303 4232 scriptum
323 4157 345 4205 a
362 4132 438 4218 CA,
456 4143 494 4205 et
511 4155 638 4205 rursus
655 4146 699 4206 ut
718 4157 865 4206 arcusa
889 4132 954 4205 TV
971 4130 1019 4203 ad
1042 4154 1169 4204 arcum

298 4392 312 4423 ·
330 4381 378 4443 Sic
392 4382 461 4442 edit.
479 4383 564 4443 1672.
607 4382 712 4455 Quaere
727 4388 745 4417 “
756 4401 854 4441 arcum
867 4379 905 4439 ob
919 4380 1004 4441 RS'’?
