2918 5054
373 431 559 496 aurouor
578 428 850 487 oaomnrarcn
871 425 961 486 arc.
1118 412 1186 486 169

145 601 333 677 a'ufetatbr
349 611 381 691 l,
393 612 510 676 restat
528 611 551 675 3
569 600 711 675 medius
727 603 825 675 inter
841 592 1038 698 quadratos
1055 611 1079 675 9
1097 613 1136 677 61
1156 610 1188 676 1.
1243 625 1312 667 cm.
1324 618 1366 666 ιν.

146 717 315 815 Denique
325 724 411 805 400,
426 721 512 805 361,
526 723 599 789 324
617 726 703 789 sunt
716 714 887 810 quadrati
898 714 1070 810 deinceps
1082 739 1188 812 prox·
1203 691 1373 810 affl

146 829 221 904 imi.
273 831 308 903 A
324 830 446 903 medio
465 837 532 903 361
557 829 587 902 si
612 828 802 902 auferatur
824 829 959 919 unitas,
977 841 1093 902 restat
1116 835 1189 902 360
1202 817 1398 927 3⁰3⁵?ssss

147 943 288 1017 medius
314 943 410 1017 inter
437 955 620 1017 extremos
647 950 720 1017 400
750 955 788 1016 et
815 951 900 1016 324.
951 944 1000 1017 Et
1016 944 1070 1016 sic
1087 941 1191 1016 dein·

147 1080 244 1154 ceps.

151 1206 161 1215 ·
197 1191 254 1243 rv.
282 1168 383 1242 Inter
415 1167 507 1241 duas
537 1168 675 1264 figuras
707 1166 906 1263 quadratas
935 1169 1131 1265 proximas,
1160 1169 1193 1244 si

149 1283 328 1380 quadrato
344 1281 497 1355 minimo
515 1280 674 1354 addatur
692 1280 796 1353 radix
814 1304 891 1371 sua,
909 1293 1030 1355 totum
1046 1282 1118 1356 erit
1134 1282 1192 1356 in·

148 1409 206 1470 ter
221 1395 318 1491 ipsas
336 1395 496 1468 medium
514 1394 801 1491 proportionale.
853 1393 949 1467 Nam
968 1395 999 1468 si
1012 1395 1193 1494 quadrato

154 1518 167 1584 l
189 1508 348 1583 addatur
365 1508 470 1581 radix
481 1530 558 1597 sua,
577 1531 659 1603 quae
677 1516 733 1580 est
748 1529 844 1579 una:
863 1518 982 1580 totum
999 1517 1022 1582 2
1042 1521 1098 1582 est
1115 1534 1192 1584 me·

149 1622 248 1696 dium
266 1621 542 1719 proportionale
560 1619 657 1692 inter
679 1628 692 1693 l
715 1630 753 1693 et
770 1628 805 1691 4.
851 1619 1037 1710 Similiter,
1055 1621 1085 1695 si
1104 1647 1193 1719 qua-

149 1735 254 1810 drato
284 1746 305 1808 4
333 1733 490 1807 addatur
517 1733 622 1806 radix
649 1757 726 1823 sua,
751 1744 872 1807 totum
899 1743 921 1808 6
946 1747 1002 1808 est
1031 1736 1193 1810 mediam

149 1848 420 1946 proportionale
450 1847 549 1920 inter
574 1857 595 1919 4
626 1860 665 1920 et
693 1855 728 1920 9.
780 1849 830 1920 Et
854 1848 908 1922 sic
932 1860 1124 1946 perpetuo,
1150 1860 1193 1923 ut

149 1961 387 2036 manifestum
403 1972 460 2033 est
472 1983 539 2056 per
555 1959 818 2034 inductionem.
914 1980 917 1986 ’

198 2097 238 2149 v.
266 2075 307 2148 Si
323 2099 346 2147 a
363 2073 542 2171 quadrato
560 2073 664 2146 radix
674 2097 740 2147 sua
754 2073 952 2162 auferatur,
966 2073 1193 2176 relinquetur

149 2187 311 2262 medium
327 2187 427 2260 inter
443 2186 562 2282 ipsum
580 2197 617 2259 et
641 2187 861 2282 quadratum
878 2187 1043 2283 proxime
1060 2188 1192 2262 minus.

150 2301 208 2375 Sit
234 2299 333 2374 enim
361 2299 541 2397 quadrata
568 2299 687 2396 figura
709 2306 801 2374 100:
828 2300 860 2373 si
889 2299 1077 2374 auferatur
1105 2301 1193 2377 inde

150 2415 257 2488 radix
274 2415 353 2510 ejus
376 2422 432 2503 10,
450 2412 676 2508 relinquetur
692 2421 753 2503 90,
771 2412 913 2487 medius
936 2414 1193 2510 proportiona-

150 2526 197 2601 lis
229 2527 327 2600 inter
349 2533 417 2600 100
451 2536 489 2598 61
520 2533 581 2614 81,
609 2525 830 2621 quadratum
859 2526 1025 2622 proxime
1060 2528 1193 2603 minus.

152 2639 339 2729 Similiter,
360 2638 392 2711 si
419 2661 442 2712 a
464 2637 644 2735 quadrato
671 2645 694 2709 9
721 2637 906 2711 auferatur
932 2639 1037 2712 radix
1064 2664 1132 2715 aua
1158 2650 1194 2730 3,

151 2752 301 2827 relictus
318 2759 341 2824 6
363 2751 446 2840 erit,
463 2750 605 2824 madius
627 2751 726 2824 inter
750 2753 770 2824 9
790 2761 828 2823 et
846 2750 1065 2846 quadratum
1081 2777 1193 2850 prox·

153 2863 224 2937 ime
241 2864 393 2938 inferius
410 2873 446 2937 4.
497 2864 546 2936 Et
562 2863 615 2936 sic
632 2885 786 2958 sempor.

157 3008 159 3012 ’
203 2978 269 3052 Sin
287 2977 468 3074 quadrata
485 3000 559 3050 non
577 2977 651 3049 sint
667 2978 845 3073 proxima,
860 2976 926 3050 aed
948 2977 1196 3052 intermittant

152 3115 279 3180 unum,
298 3092 419 3164 minus
437 3090 656 3187 quadratum
673 3114 758 3163 cum
775 3089 916 3163 duabus
937 3089 1120 3164 radicibus
1138 3101 1195 3164 est

153 3206 316 3281 medium
355 3206 453 3280 inter
491 3206 554 3278 illa
589 3205 662 3278 duo
696 3203 876 3300 quadrata
907 3202 1194 3300 proportionale.

155 3320 253 3393 Nam
273 3322 304 3392 si
322 3319 501 3417 quadrato
524 3326 539 3392 1
561 3318 745 3391 addantur
767 3316 850 3390 duae
876 3319 955 3412 ejus
978 3315 1130 3406 radices,
1155 3316 1195 3390 id

155 3445 211 3507 est
238 3443 273 3524 2,
301 3434 392 3506 fient
421 3440 456 3522 3,
475 3430 597 3503 media
625 3429 910 3527 proportionalis
934 3429 1032 3502 inter
1059 3438 1072 3503 l
1096 3441 1133 3503 et
1156 3437 1194 3505 9.

156 3546 248 3621 Item
263 3546 293 3620 si
310 3545 490 3643 quadrato
505 3554 527 3618 4
542 3543 726 3617 addantur
739 3544 822 3618 duae
832 3545 910 3640 ejus
922 3544 1075 3634 radices,
1088 3544 1127 3617 id
1138 3556 1195 3619 est

157 3670 192 3748 4,
218 3662 309 3733 fient
343 3667 378 3748 8,
406 3659 567 3733 medium
601 3659 697 3731 iuter
720 3667 741 3730 4
768 3669 805 3731 61
844 3664 899 3731 16.
952 3657 1001 3730 Et
1035 3658 1088 3730 sic
1111 3681 1195 3752 per-

155 3783 280 3869 petuo.
333 3771 435 3844 Idem
460 3770 622 3843 medium
642 3769 848 3856 habebitur,
866 3769 896 3842 si
913 3792 936 3841 a
952 3771 1089 3865 majore
1106 3793 1195 3866 qua-

156 3885 263 3959 drato
289 3885 372 3959 duae
401 3885 480 3979 ejus
502 3882 643 3956 radices
660 3881 885 3956 auferantur.
936 3881 1034 3955 Nam
1060 3883 1090 3955 si
1108 3906 1131 3954 a
1150 3889 1195 3954 16

157 3997 238 4071 duae
260 3999 339 4094 ejus
361 3995 504 4070 radices
532 3995 756 4085 auferantur,
773 3996 963 4069 restabunt
981 4002 1016 4085 8,
1035 3994 1197 4069 medium

157 4110 254 4185 inter
277 4118 429 4184 16614.

159 4272 165 4282 ·
208 4224 248 4299 Si
267 4222 425 4319 denique
438 4221 512 4294 duo
522 4220 702 4316 quadrata
719 4221 966 4296 intermittant
977 4220 1049 4295 alia
1061 4219 1148 4312 duo,
1159 4234 1198 4297 61

158 4336 338 4434 quadrato
356 4334 490 4407 minori
507 4332 667 4408 addatur
676 4334 787 4432 tripla
797 4358 864 4409 sua
873 4331 990 4421 radix,
1003 4334 1198 4410 habebitur

158 4449 320 4524 medium
338 4447 436 4525 inter
451 4445 633 4543 quadrata
648 4459 824 4523 extrema.
859 4446 957 4521 Nam
974 4447 1023 4521 ad
1040 4449 1198 4545 quadra·
