2932 5054
364 465 562 521 nosnrmr
583 461 907 519 onomnrmcum.
1111 446 1151 513 ll

161 634 198 709 Is
213 635 253 709 in
274 634 370 709 libro
387 634 435 709 de
455 633 612 734 Figuris
629 632 873 707 Harmonicis
899 631 1030 729 primo,
1048 652 1155 725 prop.
1198 653 1283 696 anor.
1297 651 1345 698 nc

110 757 174 838 45,
191 749 245 822 sic
263 749 378 823 dicit:
404 754 428 788 “
441 749 696 846 Heptagonus,
710 759 748 822 et
764 748 812 821 ab
825 771 869 821 en
884 748 1014 843 fignrae
1028 766 1156 818 omnes
1182 723 1344 840 off.

111 886 268 960 quarum
286 862 442 935 laterum
460 886 635 935 numems
652 874 707 934 est
733 862 885 958 primns,
903 871 1010 933 extra
1036 857 1156 931 circn-
1181 846 1328 905 ΨΜ*

108 976 187 1050 lum
217 974 464 1071 descriptione
490 975 715 1072 geometrica
743 984 883 1048 carent.
935 973 980 1045 In
1005 972 1154 1060 circulo,

110 1089 183 1162 etsi
197 1088 358 1162 laterum
375 1089 562 1184 quantitas
588 1098 644 1161 est
668 1087 887 1176 necessaria,
904 1086 1006 1160 iham
1030 1096 1155 1160 tamen

111 1201 276 1298 ignorari
294 1225 396 1298 aeque
413 1225 564 1275 necesse
581 1203 673 1276 est.’'

162 1314 323 1388 Inferius
339 1338 465 1388 rursus
482 1315 560 1388 haeo
577 1316 708 1389 habet:
735 1316 867 1387 “Nam
889 1314 950 1386 hic
968 1335 1157 1386 versamur

111 1452 181 1502 nos
199 1429 238 1501 in
253 1428 399 1501 entibus
410 1428 678 1502 scientialibus:
696 1439 734 1501 et
743 1427 1029 1524 prommciamus
1042 1439 1156 1516 recte,

113 1541 215 1639 quod
232 1541 329 1614 latus
346 1541 554 1638 septangnli
571 1552 627 1614 est
644 1566 689 1614 ex
706 1565 781 1614 non
800 1540 956 1628 entibus,
974 1552 1065 1636 puta
1089 1539 1158 1612 sci·

112 1654 322 1728 entialibus.
357 1653 450 1727 Cum
467 1654 566 1727 enim
582 1655 630 1727 sit
646 1652 880 1749 impossibilis
897 1654 975 1747 ejus
992 1652 1157 1725 formalis

113 1767 326 1863 descriptio,
356 1790 475 1862 neque
501 1767 615 1863 igitur
639 1767 724 1839 sciri
749 1776 874 1862 potest
896 1790 919 1838 a
940 1777 1064 1837 mente
1088 1764 1157 1837 hu-

113 1904 233 1969 mana,
263 1903 349 1952 cum
379 1879 543 1953 scientiae
572 1879 851 1977 possibilitatem
881 1878 1069 1975 praecedat
1093 1879 1156 1951 de-

113 1993 325 2089 scriptionis
360 1993 594 2088 possibilitas.
663 1993 794 2088 Neque
828 1993 943 2065 scitur
977 2017 1000 2065 a
1034 2003 1156 2064 mente

113 2106 291 2180 omniscia
307 2117 394 2180 actn
412 2107 568 2203 simplici
584 2118 735 2196 aetemo,
753 2106 840 2203 qnia
857 2119 990 2180 natura
1010 2129 1077 2179 sua
1103 2117 1158 2179 est

113 2244 160 2295 ex
176 2220 499 2316 impossibilibus.”

162 2334 285 2407 Etiam
304 2333 425 2407 adhuc
442 2333 618 2406 inferius:
646 2337 669 2371 “
681 2334 822 2429 ltaque,
836 2332 978 2406 nullum
994 2349 1157 2428 unquam

113 2447 283 2543 regulare
309 2446 564 2543 septangnlum
583 2470 605 2518 a
623 2469 807 2543 quoquam
831 2458 1084 2520 constructum
1102 2458 1158 2520 est

115 2562 253 2635 sciente
288 2573 327 2632 et
357 2559 515 2648 volente,
543 2573 581 2632 et
608 2582 654 2632 ex
683 2559 870 2657 proposito
900 2571 1055 2655 agente3
1088 2585 1157 2633 nec

115 2675 279 2749 construi
306 2685 429 2770 potest
457 2698 503 2747 ex
527 2674 728 2770 proposito.
782 2674 855 2747 Sed
879 2674 973 2747 bene
1002 2674 1158 2746 fortuito

116 2787 280 2862 construi
313 2799 463 2882 posset;
498 2796 684 2859 ettamen
712 2787 875 2883 ignorari
909 2811 1057 2861 necesse
1087 2800 1155 2877 est,

115 2902 211 2976 sitne
229 2911 481 2974 constructum
499 2923 547 2972 an
563 2899 675 2972 non.”

164 3015 260 3088 Haec
279 3013 342 3109 qui
359 3035 447 3086 vera
469 3036 549 3086 esse
571 3013 748 3101 crederet,
767 3013 935 3110 latusque
956 3012 1159 3109 heptagoni

115 3127 281 3201 invenire
311 3138 519 3215 conaretur,
537 3138 771 3222 arrogantem
801 3125 937 3198 dixeris
964 3126 1092 3216 lector,
1111 3150 1159 3199 an

116 3239 314 3314 insanum?
367 3238 442 3312 Sed
471 3261 540 3333 ego
570 3261 640 3311 nec
664 3262 762 3328 vera,
789 3262 859 3312 nec
885 3238 1062 3328 modesta,
1090 3264 1159 3313 nec

116 3353 177 3449 pia
194 3376 273 3425 esse
291 3351 415 3425 credo.

168 3464 312 3538 Deinde
331 3464 377 3537 de
394 3488 439 3537 eo
456 3462 556 3561 quod
579 3465 626 3537 ad
641 3464 739 3537 hanc
756 3487 835 3537 rem
852 3465 1018 3538 conferre
1035 3465 1161 3538 videa-

117 3590 179 3652 tnr
191 3601 301 3675 posse
314 3577 475 3673 algebra,
490 3578 542 3650 sic
560 3577 703 3651 scribit:
722 3578 1015 3652 “Concludimus
1033 3578 1159 3674 igitur,

117 3691 987 3788 analysesistascosicusalienasesseapraesenti
1000 3703 1160 3764 contem·

118 3804 293 3900 platione,
308 3827 377 3876 nec
396 3803 510 3876 ullum
528 3805 751 3878 constituere
769 3806 925 3901 gradum
943 3805 1136 3878 scientiae.''

167 3916 350 4013 Equidem
385 3915 424 3987 id
457 3916 588 3990 credo:
620 3931 657 3991 et
687 3918 774 4015 quia
807 3919 960 3992 fortuito
995 3920 1161 3992 construi

117 4053 224 4127 posse
244 4029 428 4117 concedit,
447 4041 484 4102 et
503 4030 649 4104 Clavius
678 4032 988 4105 constructionem
1015 4032 1161 4104 mecha-

118 4145 239 4217 nicam
257 4143 418 4239 aliquam
432 4143 510 4239 ejus
527 4144 679 4231 indicat,
694 4145 901 4218 doctrinam
918 4145 1013 4217 hanc
1031 4168 1161 4240 aggre-

118 4258 208 4347 diar,
228 4268 267 4329 et
284 4256 404 4352 primo
421 4256 503 4330 loco
518 4260 829 4331 constructionem
847 4258 1059 4354 heptagoni.

167 4372 209 4443 ln
225 4368 366 4442 circulo
381 4369 468 4443 dato
485 4371 736 4468 heptagonum
754 4371 960 4445 describere
978 4371 1158 4468 regulare.
