2932 5054
545 426 878 482 neennsrnsrrcn.
1154 406 1227 485 407

190 590 331 677 Exurgit
345 590 494 656 damnata
508 591 615 669 Fides,
631 594 787 658 clamante
802 591 958 669 Luthero,

235 689 301 772 Qui
315 712 431 777 magno
446 691 578 775 populos
592 701 737 776 permeat
749 714 804 757 ore
817 692 970 777 loquens:

191 789 393 874 Disciditque
407 789 484 854 locis
499 790 571 874 plus
585 802 714 856 centurn
729 791 809 856 retia
824 790 932 877 Papae,

234 888 342 953 Texta
355 911 375 952 a
388 887 556 964 nobilibus,
573 889 628 953 sed
642 888 724 954 male
739 899 829 954 texta
839 889 962 955 scholis.

192 987 288 1051 Unde
303 997 382 1071 quot
396 985 493 1071 elapsi
508 1008 608 1071 reges,
623 989 782 1071 urbesque
796 997 953 1073 potentes,

233 1085 347 1172 Papali
361 1095 492 1170 portant
505 1084 605 1150 libera
619 1086 700 1150 colla
709 1087 806 1171 jugo:
1144 1090 1230 1152 2180

192 1184 298 1267 Quam
313 1184 355 1249 sit
369 1184 489 1268 ubique
503 1183 570 1249 sere
585 1184 683 1270 Papae
699 1206 785 1249 nunc
799 1195 891 1249 tonsa
905 1193 1055 1269 potestas,

234 1284 350 1348 Dicere
365 1307 429 1349 non
445 1306 523 1369 opus
539 1294 588 1348 est
601 1283 765 1369 pluribus:
788 1283 857 1369 ipse
871 1284 968 1350 vides.

191 1383 257 1448 Sec.
281 1381 376 1464 Quod
391 1393 491 1448 restat
504 1382 606 1449 video.
654 1380 716 1448 Sed
731 1393 765 1448 te
779 1383 852 1449 volo
866 1405 967 1469 pauca
980 1404 1102 1471 rogare,

233 1482 280 1547 Et
294 1481 498 1568 respondebis
513 1493 550 1547 tu
565 1482 722 1547 brevitate
737 1492 804 1546 tua.

192 1579 305 1649 Gloria
319 1591 388 1647 erat
403 1581 562 1665 quondam
574 1580 712 1645 Romani
726 1579 871 1666 praesulis
885 1579 1017 1667 ingens:

235 1680 380 1749 Caleavit
394 1679 529 1766 pedibus
543 1678 632 1765 regia
646 1679 726 1744 oolla
741 1679 814 1745 suis.

191 1777 283 1844 Illius
298 1779 458 1844 innumeri
472 1801 563 1864 reges
577 1778 728 1843 mandata
741 1781 922 1858 manebant,

233 1880 280 1945 Et
294 1902 406 1966 regum
421 1878 562 1943 cicurum
577 1877 661 1944 bella
674 1878 806 1963 gerebat
820 1900 890 1964 ope.

191 1978 241 2044 Ut
256 1979 282 2044 J
282 1979 360 2055 ovis,
376 1977 462 2041 illius
477 1988 634 2043 tremuere
649 1977 689 2042 ad
704 1976 839 2043 fulmina
853 1989 975 2064 gentes,

237 2077 333 2144 Sacro
348 2078 484 2163 figentes
499 2078 606 2141 oscula
619 2077 736 2142 blanda
750 2077 831 2163 pedi.
1147 2080 1232 2144 2190

194 2176 333 2244 Divitias
347 2177 449 2242 omnis
464 2179 598 2262 cogebat
611 2187 727 2242 ventus
741 2177 781 2242 ad
795 2177 895 2252 illurn,

236 2277 388 2363 Frigidus
402 2274 520 2352 Eurus,
537 2274 628 2353 Aser,
645 2275 819 2361 Vesperus‚
835 2287 870 2341 et
884 2276 1013 2342 Boreas.

194 2373 254 2442 Ille
269 2376 381 2441 sedens
394 2385 477 2439 nutu
491 2374 628 2439 librabat
642 2384 758 2440 cuncta
771 2376 920 2440 verende.

237 2474 333 2558 Quod
348 2483 473 2540 curaret
487 2485 556 2539 erat
569 2485 684 2559 praeter
698 2474 785 2539 hiare
801 2474 890 2539 nihil.

194 2572 291 2638 Adde
307 2574 392 2657 quod
407 2573 440 2637 in
456 2583 527 2637 tuto
542 2572 606 2637 fuit
620 2572 666 2637 illi
680 2583 771 2638 tanta
785 2583 945 2659 potestas3

239 2670 274 2739 Si
288 2684 379 2759 potes
393 2672 426 2736 in
442 2671 535 2737 terris
549 2672 627 2756 quid
642 2672 773 2758 repirire
788 2681 902 2736 ratum.

196 2770 308 2836 Stabat
323 2793 461 2855 namque
476 2793 573 2856 super
587 2771 740 2855 populum
755 2769 889 2834 fundata
902 2769 1081 2836 volentem:

239 2869 335 2952 Quod
349 2892 414 2935 non
430 2869 494 2934 lert
508 2868 654 2955 populus,
669 2868 697 2933 si
711 2870 792 2934 bene
803 2869 945 2953 junctus,
961 2871 1065 2934 onus?

196 2969 247 3033 At
261 2967 413 3055 populum
429 2989 524 3032 sensu
537 2966 660 3031 varium
675 2990 725 3031 res
739 2967 834 3031 unica
842 2966 963 3051 jungit,

237 3067 337 3133 Jussa
350 3067 399 3131 sui
414 3066 497 3152 regis
507 3068 597 3149 jussa
610 3077 723 3152 putare
738 3066 811 3131 Dei.
1148 3070 1233 3129 2200

194 3167 220 3232 J
221 3191 294 3232 ussa
308 3165 371 3231 Dei
385 3165 511 3251 populis
527 3188 599 3231 eum
614 3166 699 3230 solus
714 3165 804 3252 Papa
818 3165 950 3242 ferebat,

238 3266 284 3332 Et
298 3265 486 3331 credebatur
500 3264 555 3329 vix
570 3264 673 3328 minor
688 3287 755 3330 esse
769 3263 860 3330 Deo:

197 3363 279 3446 Quis
293 3373 419 3428 tantum
434 3362 612 3448 imperium,
628 3374 695 3426 tam
709 3364 773 3428 fido
787 3363 889 3428 milite
903 3363 1031 3441 fultum,

238 3463 333 3549 Rupe
348 3463 445 3527 situm
461 3463 553 3538 celso,
568 3485 658 3547 posse
670 3463 772 3547 perire
787 3464 903 3548 putet?

196 3561 320 3627 Verum
335 3584 421 3626 nunc
435 3562 540 3626 minus
555 3572 612 3626 est.
659 3561 882 3646 Quodcunque
897 3562 1057 3628 attriverit
1071 3573 1155 3640 aetas,

239 3661 383 3726 Tandem
399 3673 432 3726 et
446 3660 601 3737 conficiet,
617 3660 712 3725 dente
727 3661 803 3727 lieet
816 3661 922 3726 tacito.

196 3760 380 3845 Magnaque
390 3759 579 3845 jampridem
593 3759 689 3844 periit
703 3782 775 3845 pars
790 3783 864 3825 ense
878 3769 999 3825 resecta

238 3860 468 3935 Machummct,
484 3881 580 3942 quam
595 3882 681 3924 nuno
697 3858 835 3925 Turcica
847 3861 940 3925 Luna
954 3858 1045 3946 regit.

195 3959 275 4025 Pars
291 3981 418 4044 quoque
433 3958 551 4023 defecit
565 3958 666 4024 doctis
681 3959 818 4024 abducta
832 3959 968 4025 Lutheri

240 4058 383 4145 Scriptis,
399 4058 455 4141 qui
470 4081 593 4123 servam
608 4058 711 4124 noluit
725 4082 793 4124 esse
809 4059 930 4124 Fidem.
1148 4062 1233 4125 2210

196 4156 325 4243 Longos
340 4180 421 4242 saepe
435 4157 502 4222 dies
518 4157 585 4222 sine
600 4158 718 4222 solibus
733 4157 778 4222 ire
793 4157 945 4234 videmus,

239 4255 429 4340 Cunctaque
444 4265 597 4341 perpetua
612 4256 725 4341 sydera
739 4258 824 4321 nube
838 4255 923 4341 tegi:

196 4354 303 4436 Quam
321 4354 376 4420 Sol
390 4378 466 4419 mox
480 4354 564 4420 altus
580 4364 750 4441 penetrans
764 4354 963 4420 vibrantibus
977 4355 1072 4420 armis
