2932 5054
427 449 514 500 nux
534 447 852 500 unruaunrrcn.
1093 433 1160 499 119

170 613 351 699 Secundo,
366 615 467 711 quod
481 617 597 712 majus
610 624 841 713 segmentum
854 615 978 690 lateris
991 615 1160 713 quadrati
1173 641 1372 684 connaovm-

117 728 307 801 subtendit
328 728 496 824 quintam
520 743 665 826 partem
691 730 819 803 circuli
845 731 1069 803 transeuntis
1095 754 1161 826 per
1201 722 1345 827 Q

115 843 315 938 pentagoni
332 843 488 928 stellam,
505 844 628 933 idest,
646 868 713 940 per
730 845 906 917 terminos
925 844 1053 917 decem
1070 844 1160 917 late·

114 977 197 1026 rum
215 957 378 1053 quinque
397 957 559 1053 ejusdem
582 958 752 1055 quadrati
769 958 895 1031 lateris
912 958 1009 1030 EF*.

163 1068 305 1156 Tertio,
334 1070 476 1142 radium
506 1071 554 1143 Ti
584 1073 830 1168 compositum
860 1094 938 1144 esse
967 1096 1013 1145 ex
1036 1070 1087 1143 TI
1122 1082 1160 1145 et

113 1180 268 1255 dimidio
286 1183 437 1256 minoris
454 1184 647 1279 segmenti,
665 1184 704 1257 id
727 1196 795 1272 est,
813 1184 975 1256 dimidiae
993 1183 1159 1256 semidia-

113 1295 224 1367 metri
250 1294 379 1368 eirculi
404 1296 602 1369 ambientis
626 1307 877 1392 pentagonum
901 1297 1040 1392 Xayzr.
1092 1295 1160 1368 Est

112 1407 213 1481 euim
229 1408 298 1480 ΤΚ
312 1407 464 1481 dimidia
481 1408 630 1504 majoris
644 1408 825 1505 segmenti
840 1409 947 1481 divisi
964 1408 1089 1482 lateris
1099 1409 1161 1481 EF

112 1532 282 1594 extrema
304 1533 343 1593 et
369 1521 491 1594 media
515 1522 672 1610 ratione,
699 1534 738 1594 et
762 1521 803 1618 yi
830 1521 982 1595 dimidia
1007 1523 1159 1597 minoris

112 1635 307 1730 segmenti,
326 1645 363 1709 et
380 1635 538 1732 angulus
556 1635 637 1709 KlP
654 1637 785 1731 quinta
801 1659 886 1731 pars
902 1635 1008 1708 recti.

429 1896 748 1950 CONTROVBRSIA
770 1897 845 1948 vn.

164 2025 228 2097 De
239 2023 446 2125 polygonis
463 2023 717 2123 regularibus.
758 2046 908 2099 Rosam
926 2050 1032 2122 prop.
1043 2025 1095 2098 iii.
1109 2026 1156 2098 iv.

114 2157 118 2164 ’
165 2176 373 2271 Propositio
407 2174 485 2248 haec
523 2176 575 2264 iii,
610 2176 802 2272 multiplex
841 2188 879 2249 et
917 2177 1157 2272 longiuscula,

111 2290 238 2397 plures
256 2289 366 2361 habet
383 2289 537 2384 figuras:
556 2289 622 2362 sed
640 2313 729 2385 quas
747 2313 821 2361 non
839 2300 893 2362 est
910 2290 1157 2362 necessarium

112 2402 279 2477 hocloco
291 2425 479 2474 renovare.
506 2402 1158 2499 ObjicitWallisiuscontrapropiii,

112 2515 215 2613 quod
238 2515 374 2588 dixerit
399 2515 608 2587 Hobbesius
636 2515 792 2588 chordas
815 2516 851 2587 in
872 2515 1000 2588 eodem
1019 2517 1158 2589 circulo

112 2631 189 2703 suis
207 2629 365 2702 arcubus
383 2651 462 2700 esse
485 2629 791 2724 proportionales.
843 2630 1019 2702 Attamen
1037 2631 1075 2701 in
1095 2630 1159 2702 de-

112 2741 382 2816 monstratione
399 2740 472 2829 illa,
491 2766 574 2838 quae
592 2741 785 2836 diligenter
805 2754 843 2814 et
866 2766 961 2838 saepe
979 2768 1001 2815 a
1018 2767 1077 2816 me
1095 2767 1159 2815 ex-

112 2856 278 2930 aminata
292 2865 360 2940 est,
375 2854 414 2926 id
424 2855 524 2950 quod
535 2856 661 2950 objicit
675 2856 838 2928 invenire
852 2880 1030 2952 nusquam
1042 2858 1158 2952 potui,

112 2969 244 3044 Inveni
261 2968 421 3064 quidem,
441 2968 530 3041 duas
554 2982 672 3041 rectas
691 2993 772 3064 quae
796 2981 882 3042 sunt
904 2971 999 3041 inter
1018 2993 1055 3042 se
1074 2982 1116 3040 ut
1134 2980 1158 3042 8

111 3083 160 3156 ad
188 3088 224 3172 7,
246 3083 276 3155 si
303 3081 534 3177 applicentur
563 3083 600 3153 in
632 3082 760 3154 eodem
792 3082 930 3154 circulo
956 3082 1014 3154 vel
1046 3106 1160 3154 curva

112 3197 244 3271 eadem
263 3218 493 3291 quacunque,
519 3219 593 3267 uon
620 3207 763 3268 mutare
786 3195 1076 3291 proportionem,
1094 3195 1159 3267 sed

111 3310 193 3401 fore
211 3309 347 3405 ubique
365 3320 403 3380 et
429 3331 573 3403 semper
599 3319 640 3380 ut
665 3316 687 3381 8
711 3308 759 3380 ad
777 3313 811 3390 7.
864 3307 1015 3379 Invenio
1034 3308 1158 3395 etiam,

113 3423 206 3495 duas
232 3433 353 3493 rectas
380 3421 537 3518 aequales
559 3422 596 3493 in
625 3421 790 3517 ejusdem
818 3420 944 3492 circuli
964 3421 1159 3494 circumle-

112 3537 235 3610 rentia
251 3535 466 3631 applicatas,
488 3558 567 3606 esse
593 3535 690 3607 inter
713 3558 752 3607 se
777 3545 819 3606 ut
841 3558 947 3607 arcus
966 3558 1057 3629 quos
1076 3535 1158 3606 sub·

111 3649 286 3723 tendunt.
339 3648 444 3737 Item,
463 3648 494 3720 si
512 3648 587 3720 sint
607 3660 716 3721 rectae
733 3648 891 3744 aequales
909 3649 1102 3745 applicatae
1120 3649 1159 3721 in

111 3761 414 3837 circumferentia
436 3760 600 3857 ejusdem
627 3760 753 3833 circuli
772 3774 1018 3857 quotcunque,
1037 3763 1159 3836 sciunt

111 3898 243 3949 omnes
261 3874 342 3946 illas
359 3871 397 3944 in
410 3873 538 3945 eadem
553 3897 631 3945 esse
646 3874 787 3945 ratione
803 3898 886 3945 cum
900 3876 974 3947 suis
988 3877 1156 3948 arcubus.

110 3991 167 4064 De
185 3987 463 4082 comparatione
481 3986 701 4058 chordarum
719 3987 955 4082 inaequalium
972 3988 1010 4060 in
1029 3989 1159 4061 eodem

109 4103 265 4191 circulo,
298 4124 477 4196 nusquam
507 4099 680 4195 loquitur.
733 4100 903 4173 Procedit
933 4101 1082 4173 tandem
1111 4104 1159 4176 ad

517 4363 534 4397 ⁴
559 4362 608 4421 Sic
621 4363 690 4421 edit.
711 4363 795 4422 1672.
