2932 5054
591 422 743 485 runnu:
1172 414 1260 487 xxxi

104 573 225 636 atteretur
237 585 263 635 iu
274 585 461 637 resurrectione
472 585 508 638 iii.
519 592 603 639 5256.
708 584 850 644 hedonem,
871 585 1078 652 quemadmodum
1097 602 1162 653 aqua
1186 592 1261 655 sup'er

104 650 131 698 id
142 660 168 700 et
179 660 245 701 terra
255 653 446 702 renovabuntur.
458 651 494 701 iii.
506 656 561 703 557.
708 651 817 702 tabulam
828 651 926 727 planam
937 653 1050 718 seqnitur
1058 651 1121 702 eiam
1133 668 1183 718 qua
1192 654 1262 704 ducit

73 714 337 775 Corus-hominum,
346 732 422 781 quare
432 717 562 766 eonsilium
570 731 657 782 capere
708 716 809 782 digitus.
820 716 856 767 iri.
870 722 907 768 15.

106 797 156 830 non
175 788 263 846 potest
280 780 477 847 iii.143:-ejua
495 782 657 846 decretaque
707 796 792 831 earum
802 781 879 831 series
889 781 981 848 duplex
992 788 1037 841 est,
1050 783 1179 846 inuyalmia
1189 791 1260 833 etre-

105 862 178 895 oausa
199 845 270 895 facile
288 845 469 896 rescinduntur.
489 846 523 895 iii
543 852 658 896 148-42-
706 845 1261 914 penu.ii‘nl⁵-16:-tmyeturu,inquspus-

105 911 282 959 dissensionem
303 910 331 959 in
358 911 440 976 seipso
465 911 556 960 babere
576 919 658 977 potest
708 909 746 961 aio
757 910 826 960 nulla
836 910 923 976 dirigit
938 927 980 961 eas
995 911 1027 961 ad
1044 912 1118 961 tinem
1134 911 1260 962 desidera-

105 984 199 1025 tantam
220 985 248 1024 nt
268 975 389 1039 producat
410 975 501 1024 bellum
520 975 599 1025 uirile.
621 975 656 1024 iii.
709 983 769 1025 tum.
780 974 816 1025 iii.
830 979 1010 1039 lbi-rapulam,
1022 991 1096 1042 quani
1107 975 1194 1042 dirigit
1203 977 1261 1027 linia

109 1039 270 1090 tate—facile
278 1039 359 1105 decipi
369 1048 473 1105 potesta
484 1039 624 1090 rhetoribus
632 1047 658 1089 et
709 1038 799 1117 aliquis
810 1039 971 1091 desideratus.
981 1040 1017 1090 iii.
1032 1046 1069 1092 15.

106 1104 252 1154 emtoribus.
265 1104 324 1154 ibid
333 1104 404 1154 :—ad
414 1104 608 1164 deliberandum,
618 1104 658 1153 vel
708 1103 878 1169 cogitationes,
889 1105 928 1154 vel
938 1104 965 1154 in
976 1104 1040 1155 serie
1049 1103 1189 1170 irregulari,
1199 1122 1261 1172 qno-

106 1169 137 1218 ad
147 1169 279 1218 oouoilinm
290 1168 398 1218 dandum
409 1170 515 1235 ineptus,
526 1185 610 1234 quare.
621 1169 657 1219 iii.
708 1168 783 1218 modo
793 1184 843 1218 una
853 1169 884 1220 ab
900 1168 949 1219 alia
964 1168 1083 1231 oriantur,
1099 1170 1261 1221 animadverti

108 1240 161 1284 195.
708 1233 841 1299 aliquando
855 1242 943 1300 potest
963 1233 999 1285 iii.
1012 1241 1041 1284 15
1053 1235 1202 1301 :-ejusdem
1218 1252 1262 1286 ex·

106 1298 156 1347 illie
176 1299 203 1347 in
222 1297 296 1348 rebus
317 1298 400 1348 arduis
422 1298 513 1348 dantur
531 1302 657 1358 dictatores,
708 1298 817 1363 emplum
832 1297 859 1347 in
873 1298 996 1364 oolloquio
1010 1299 1117 1365 quodam
1128 1300 1195 1351 eirea
1208 1301 1261 1351 bel·

103 1373 243 1426 protoetons,
254 1367 474 1424 mundalibertotis,
485 1373 514 1414 ut
522 1363 658 1414 infantibus
708 1362 760 1412 lum
771 1362 844 1413 civile
856 1363 1028 1440 Anglioauum.
1039 1363 1099 1414 ibid

108 1428 355 1478 curatoreaiii.145.
708 1427 827 1492 cogitatio
838 1427 1048 1489 medusdfluem‚
1056 1439 1175 1480 etrursus
1184 1430 1261 1481 medii

106 1492 209 1542 oss-tibus
223 1492 320 1557 magnis
336 1492 400 1542 male
416 1492 604 1543 committuntur
615 1492 658 1541 de·
709 1491 740 1541 ad
759 1491 822 1541 illud
839 1493 955 1553 medium,
971 1500 997 1543 et
1013 1493 1049 1543 sie
1064 1493 1189 1562 deinceps,
1199 1512 1261 1561 qno·

105 1556 265 1607 liberationes
280 1557 373 1616 civiles,
389 1566 491 1623 propter
500 1556 657 1622 imperitiam.
709 1556 783 1606 modo
794 1573 809 1606 a
819 1556 942 1607 desiderio
953 1557 1038 1608 oritur.
1049 1557 1084 1608 iii.
1098 1565 1135 1610 16.

107 1621 133 1672 ii.
151 1628 198 1672 223
206 1631 343 1688 2-propter
361 1622 533 1687 eloquentiam.
553 1620 611 1671 ibid.
620 1641 659 1672 ι-
709 1637 794 1671 earum
805 1621 881 1671 series
892 1622 1010 1687 regulata,
1021 1622 1113 1688 duplex
1124 1632 1170 1684 est,
1183 1625 1262 1675 altera

108 1695 208 1751 propter
218 1686 358 1737 factionem.
373 1686 399 1736 ii.
411 1692 605 1752 tut-propter
620 1686 659 1735 in·
710 1686 809 1751 quando
826 1685 931 1752 alicujus
948 1687 1052 1737 effectus
1070 1703 1163 1747 muana
1184 1690 1263 1740 altera

108 1751 265 1802 stabilitatem
277 1751 606 1817 leguminum-propter
615 1751 659 1800 de·
710 1750 809 1816 quando
828 1750 933 1827 alicujus
954 1751 991 1801 rei
1012 1752 1114 1802 effeetus
1131 1754 1262 1819 possibiles

108 1816 199 1866 lectum
210 1815 392 1866 taciturnitatis.
403 1815 463 1866 ibid.
710 1815 853 1880 quaerimus.
875 1815 911 1866 iis.
933 1816 1100 1868 teliz-ills
1120 1817 1262 1869 bominibus

109 1881 239 1931 sententiae
249 1881 363 1931 seruntur
372 1881 398 1930 in
412 1881 517 1930 ooetibus
531 1895 581 1929 uon
592 1887 660 1930 recta
710 1895 767 1930 oum
778 1880 875 1930 ceteris
886 1879 1033 1931 animalibus
1042 1882 1262 1950 eommunebujus

108 1944 658 2075 {dtt‘stbtttutttdsblitu
710 1953 875 2062 iiaei'qm
890 1944 917 1994 ³¹¹
932 1945 1032 1996 Μ
1047 1946 1261 2013 ’ΨΜΜΠΜ

109 2074 243 2125 adversarii
252 2074 347 2124 exitum
359 2074 476 2124 sortiatur
486 2073 581 2124 ciuitati
591 2074 659 2123 dum·
710 2074 841 2139 quomodo,
852 2073 879 2124 in
889 2072 1069 2140 investigando,
1079 2082 1161 2142 partes
1176 2091 1263 2127 omnes

108 2155 203 2191 nosum.
210 2139 270 2190 ibid
278 2139 441 2199 2-faotiones,
447 2139 514 2204 quod
520 2138 660 2204 eloquentia
710 2138 759 2189 loci
769 2139 925 2190 determinati
931 2148 1084 2205 perena-mut
1096 2140 1131 2192 iii.
1145 2145 1182 2193 lt.

108 2213 135 2255 et
149 2213 201 2255 arte
220 2204 332 2255 obt-inere
349 2220 399 2254 non
417 2211 529 2270 possunt,
541 2203 567 2253 id
585 2203 660 2253 umis
711 2219 795 2253 aarum
806 2219 885 2269 genus
896 2204 962 2269 quod
975 2207 1104 2268 prudentio,
1116 2205 1263 2273 quandoque

109 2269 318 2321 tentantfflld.
711 2268 1110 2332 swimuodioiturdiildz-idem
1121 2272 1264 2338 oonjaotura

109 2342 187 2384 eoetus
198 2341 273 2393 totus,
286 2334 314 2383 in
323 2333 482 2394 democratia,
493 2332 599 2383 delioere
610 2348 659 2382 nou
711 2341 816 2384 tantum.
827 2333 888 2383 ibid

109 2407 197 2465 potest
209 2398 244 2449 iii.
256 2398 414 2450 iisdem.
711 2396 1263 2465 iueammsuuoessionaquidobserrariso·

110 2479 227 2524 summus,
244 2463 326 2513 nullos
341 2471 432 2529 praeter
441 2462 508 2529 ipsos
517 2461 592 2512 babet
602 2477 660 2512 ton·
711 2461 753 2513 let
764 2462 801 2513 iii.
813 2468 852 2513 55.

109 2528 222 2579 ailiarios.
233 2528 269 2578 iii.
280 2534 336 2578 252.
711 2527 760 2576 nisi
771 2542 855 2577 earum
866 2534 981 2577 constans
991 2527 1061 2578 sitad
1071 2528 1179 2595 aliquem
1187 2529 1263 2581 finem

76 2590 383 2645 coemento-homiuum
400 2591 570 2657 cogitationes,
587 2591 661 2641 fluxas
712 2592 841 2656 regulam,
852 2607 942 2657 magssa
951 2592 1081 2657 phantasia
1091 2595 1262 2661 speciesque·

109 2664 137 2709 et
145 2658 253 2719 oaduoae,
264 2665 291 2709 et
300 2657 404 2709 fortuita
414 2673 499 2707 earum
509 2656 633 2722 repetitio.
644 2657 661 2708 i.
711 2656 769 2706 dam
785 2655 897 2706 insanie.
916 2655 952 2707 iii.
964 2662 995 2706 55
1005 2657 1139 2708 :-inaania
1155 2659 1262 2721 illorum,

112 2728 149 2775 ις,
729 2720 827 2782 uicum
835 2721 917 2771 dicere
926 2720 1109 2787 inoeperintab
1117 2739 1263 2790 unaquaque

110 2804 180 2839 suam
190 2788 266 2838 habet
274 2787 451 2853 unusquisque,
462 2785 516 2838 sine
527 2785 605 2851 signis
615 2786 662 2835 bn·
712 2737 763 2835 iere
774 2786 924 2851 cogitatione
931 2785 1033 2835 alienas
1043 2786 1093 2836 fine
1101 2788 1226 2854 proposito
1235 2789 1263 2839 in

107 2853 225 2920 jusmodi,
239 2872 308 2914 ωιιιιι,
322 2855 438 2916 quodlibet,
449 2860 503 2913 eto„
514 2851 662 2902 determina·
712 2858 749 2900 tot
760 2858 786 2900 et
796 2858 877 2900 tantm
888 2849 1053 2915 digressiones
1064 2851 1227 2918 abripiuntur,
1234 2862 1264 2905 ut

111 2928 170 2969 tam.
181 2917 198 2968 i.
209 2924 248 2969 20.
711 2915 803 2965 reverti
813 2931 863 2965 nou
872 2915 975 2981 possint
987 2915 1046 2965 ibid.

110 2982 261 3033 considerari
272 2990 360 3048 potest,
376 2998 427 3032 non
442 2980 597 3032 oonsiderato
606 2995 661 3030 eor·
711 2979 829 3045 cogitatio
845 2987 940 3029 secreta
954 2979 1008 3029 siue
1025 2980 1119 3045 pudore
1135 2981 1175 3032 vel
1190 2982 1264 3049 eulpa

110 3064 171 3114 pore
237 3056 312 3098 tante.
323 3047 340 3096 i.
351 3053 390 3097 30.
711 3059 757 3110 per
767 3044 849 3094 omuia
859 3044 983 3094 disourrit
993 3043 1028 3094 iii.
1040 3051 1080 3097 57.

111 3129 185 3179 quom
219 3128 235 3162 o
250 3112 384 3178 respondet
402 3110 547 3178 syllogismo
560 3110 662 3162 directo.
712 3116 771 3160 sunt
780 3109 942 3175 cupiditatum
953 3109 1130 3174 exploratores.
1140 3110 1175 3163 iii.
1189 3116 1243 3163 158.

110 3177 128 3228 i.
139 3185 178 3228 44.
713 3173 793 3224 omnis
803 3183 841 3224 eat
851 3174 936 3224 libera
948 3173 984 3223 iii.
995 3179 1051 3233 519,
1063 3181 1119 3227 339.

111 3250 176 3319 eset
186 3257 260 3292 sensu
270 3250 374 3318 erratur,
385 3241 490 3306 quando.
501 3239 518 3289 i.
530 3245 568 3290 5ο.
626 3305 633 3317 ὁ
712 3238 915 3316 cogitationes-,et
931 3238 993 3288 fides
1009 3239 1264 3316 interna-voluntariae

111 3305 662 3421 ttffbtdlttQRb'stbt‘tftitt
712 3311 916 3418 ibiibi}
929 3309 1265 3437 1555215552

111 3436 227 3502 cogitare,
249 3444 288 3486 est
314 3434 486 3500 phantasmata
510 3435 663 3485 tumsenntia
714 3432 781 3483 tione
791 3433 937 3484 caderenon
982 3441 1059 3484 sannt
1070 3432 1130 3485 ibid

111 3501 287 3568 dampnandi.
298 3505 354 3550 925.
712 3497 890 3561 eogitationnm
906 3497 947 3546 vin
964 3497 1014 3547 icta
1029 3497 1061 3547 sd
1077 3498 1156 3548 solum
1167 3498 1265 3551 videbar

110 3566 288 3632 eogitationnm
299 3564 360 3614 ordo
374 3570 401 3615 et
414 3563 564 3614 oobaerentia
575 3563 662 3623 omnia,
743 3562 836 3612 rtinare
873 3561 1052 3627 cogitationum
1091 3563 1265 3630 inspectorem,

111 3631 177 3680 unde
185 3631 272 3681 oritur.
283 3630 300 3681 i.
310 3636 366 3680 926.
712 3578 803 3678 geum.
814 3625 850 3676 iii.
861 3630 917 3677 557.
1009 3690 1015 3702 Ι

110 3696 272 3761 cogitationes
279 3694 408 3744 hominum
414 3691 543 3758 sigillatim
549 3692 660 3743 oonmde-
713 3695 782 3753 ooyito
792 3700 818 3742 et
827 3709 876 3740 saus
885 3694 991 3754 melmae,
1007 3691 1074 3741 adem
1085 3691 1231 3757 signifieant
1241 3710 1264 3743 v.

111 3770 179 3811 ratae.
189 3761 226 3813 iii.
237 3759 391 3811 d:-eaedem
402 3757 457 3808 allas
466 3757 498 3807 ab
506 3757 561 3807 aliis
571 3758 662 3823 depen-
713 3762 760 3807 252
766 3772 834 3806 z-ex
846 3755 951 3821 eoquod
962 3772 1017 3805 snm
1023 3756 1144 3821 ospitalis,
1152 3758 1265 3823 sequitur

111 3825 206 3940 iiim
222 3824 314 3875 sivein
330 3822 484 3874 suuoeasione
494 3822 662 3873 oonsideratoe.
712 3820 887 3935 wfflmsspigid'
898 3820 960 3871 :-id
970 3820 1037 3886 quod
1053 3821 1155 3887 eogitst,
1165 3838 1216 3873 uon
1227 3829 1266 3874 est

113 3889 129 3901 ''
161 3896 197 3940 14.
714 3901 740 3933 m
758 3885 805 3934 ὀἱ
823 3885 830 3897 ”

112 3970 265 4020 unaquaque
275 3961 314 4004 est
324 3953 429 4018 alicujus
439 3951 572 4002 accidentis
582 3951 608 4001 in
620 3951 661 4001 ob·
713 3965 761 4015 ego
771 3966 826 4000 snm
837 3952 943 4013 muitum,
957 3965 1018 4015 ergo
1029 3965 1083 4000 sum
1093 3953 1204 4014 opime,
1214 3967 1265 4002 non

108 4020 177 4086 jecto
191 4019 319 4085 apparitio.
336 4017 371 4068 iii.
389 4023 534 4068 5:-earum
552 4016 662 4066 omnium
713 4014 978 4090 reetaargumentatio.
990 4030 1012 4065 ι.
1024 4021 1079 4065 252.
1096 4080 1102 4092 1

111 4099 190 4199 ιοιῗιβιῗ
201 4083 465 4224 :ednfflssmio
481 4161 531 4195 non
540 4152 596 4222 tam
614 4144 663 4194 for·
713 4089 876 4203 Zet-idm
886 4079 1266 4220 pplteipltoeppgcefflbpffiugp:

111 4212 575 4333 iilttinima'dqillffmwtiiisiitiifflirullu:
587 4214 663 4339 ¹⁵euius-i
712 4208 927 4336 {poumgtoffdddii
937 4211 1068 4323 ioiisa'est
1085 4272 1174 4325 notitia
1190 4275 1267 4342 hujus

112 4342 202 4393 similis
218 4358 269 4393 nou
287 4341 405 4392 extiterat
421 4349 479 4391 ante
496 4339 523 4389 in
541 4338 662 4389 sensione.
712 4346 895 4403 proposttroms
906 4354 928 4388 v.
939 4343 1028 4388 2⁵34.

111 4407 172 4457 ibid
712 4418 766 4452 rem
835 4402 937 4453 'mntem
956 4417 1011 4451 esse
1030 4417 1175 4468 oorporsnm
1197 4404 1266 4472 quid,

112 4470 236 4538 posterior
252 4469 364 4541 sequitu
379 4469 487 4536 priorem
505 4474 607 4537 psupter
621 4483 663 4520 eo·
712 4418 887 4520 undeiffitur
897 4466 976 4534 sequi.
987 4483 1009 4518 v.
1020 4472 1075 4518 255.
