2932 5054
521 429 743 482 namucum
1083 412 1151 478 301

110 599 184 672 alio
203 596 314 672 etiam
335 620 457 687 sensu,
476 621 593 694 eoque
606 596 849 671 communiori
853 617 984 691 ,posse
1001 592 1158 690 intelligi
1185 602 1353 715 ffi‘ffi‘

111 737 185 810 quo
203 711 273 785 erit
289 710 436 785 falsum.
487 710 649 806 Ideoque
676 710 724 783 ab
746 709 819 783 isto
846 708 1020 805 loquendi
1045 707 1157 781 modo
1198 735 1341 774 stt—2

110 824 274 899 abstinui
299 835 341 897 ut
367 823 488 895 minus
513 836 614 918 apto,
634 835 672 896 et
697 823 761 919 qui
786 822 984 896 lectoribus
1009 819 1158 895 errandi

111 939 343 1012 occasionem
362 937 604 1033 praebuisset:
630 960 712 1032 quae
730 960 842 1010 causa
858 937 956 1009 fuit
942 936 1158 1033 justissima.

112 1052 179 1124 Ille
197 1074 285 1124 vero
304 1050 410 1123 valde
427 1050 585 1144 injustus
599 1063 667 1138 est,
682 1049 782 1147 quod
799 1073 868 1145 pro
881 1049 982 1145 justa
1000 1074 1074 1122 non
1092 1049 1159 1122 ad-

113 1166 254 1239 mittat:
273 1176 312 1236 et
327 1163 438 1259 plane
451 1163 695 1258 importunus,
710 1161 809 1258 quod
820 1162 905 1235 inde
920 1162 1009 1234 velit
1021 1163 1158 1236 inferre

112 1302 172 1350 me
195 1301 274 1349 rem
300 1300 375 1349 non
399 1288 501 1349 recte
524 1277 759 1366 intellexisse,
777 1301 861 1350 cum
884 1276 963 1373 ipse
987 1277 1087 1350 illam
1110 1300 1158 1349 ne

114 1413 215 1463 nunc
233 1389 382 1486 quidem
408 1389 604 1484 intelligat,
621 1401 663 1462 ut
689 1414 774 1462 mox
791 1390 949 1486 patebit:
976 1389 1159 1485 audetque

113 1503 174 1577 hic
198 1503 359 1600 speciem
382 1501 567 1598 quandam
592 1502 916 1576 demonstrationis
940 1527 1159 1599 proponere,

113 1627 250 1690 utnon
273 1615 566 1712 intelligentibus
587 1615 728 1688 illudat.
781 1615 879 1689 Nam
905 1616 1025 1712 primo
1049 1617 1159 1689 velim

115 1727 210 1802 scire
227 1728 317 1825 quid
334 1739 520 1824 supponat
538 1752 623 1801 cum
645 1727 710 1815 ait,
739 1732 762 1765 “
780 1727 900 1823 sitque
916 1728 1093 1802 velocitas
1112 1730 1159 1802 ab

115 1843 152 1917 A
169 1866 295 1915 versus
314 1841 345 1914 B
373 1842 412 1915 in
433 1841 577 1915 ratione
600 1840 648 1913 ad
665 1840 901 1914 velocitatem
917 1842 964 1914 ab
982 1842 1015 1916 A
1034 1865 1160 1915 versus

115 1955 158 2044 Ο,
176 1979 287 2051 quam
305 1956 418 2029 habet
443 1955 523 2051 ipsa
538 1954 605 2027 AB
622 1954 671 2027 ad
688 1954 806 2050 ipsam
818 1954 900 2029 AC:
926 1954 984 2028 hae
1002 1954 1085 2028 duae
1101 1978 1162 2027 ve-

115 2068 283 2141 locitates
301 2079 528 2163 componunt
539 2066 771 2140 velocitatem
785 2091 869 2164 quae
882 2081 939 2141 est
952 2068 1018 2141 aB
1037 2090 1162 2140 versus

117 2182 208 2256 C‘'*.
261 2181 346 2253 Non
366 2180 463 2253 enim
481 2190 605 2277 potest
622 2204 828 2277 supponere
845 2181 958 2277 pilam
975 2182 1067 2253 abA
1084 2203 1162 2253 mo-

116 2294 195 2368 veri
213 2292 344 2368 eodem
362 2306 528 2388 tempore
546 2316 673 2366 versus
692 2292 722 2364 B
741 2306 780 2366 et
797 2294 851 2367 C:
877 2294 950 2368 hoc
967 2294 1066 2367 enim
1082 2292 1164 2366 fieri

116 2408 257 2503 nequit.
295 2405 369 2480 Sed
385 2408 512 2503 procul
530 2405 642 2480 dubio
655 2407 773 2480 voluit
791 2406 913 2481 dicere
930 2407 1165 2481 velocitatem

117 2548 141 2596 a
159 2521 190 2594 B
208 2542 336 2594 versus
352 2520 388 2592 A
405 2535 444 2593 et
466 2519 512 2592 C:
540 2520 592 2592 ita
614 2520 755 2593 scilicet
778 2533 822 2594 ut
844 2520 1072 2618 intelligatur
1089 2519 1166 2617 pila

118 2636 257 2709 moveri
274 2659 298 2707 a
315 2634 346 2706 B
364 2657 492 2706 versus
510 2634 544 2706 A
562 2658 674 2730 supra
690 2633 825 2706 lineam
843 2634 921 2723 BA,
934 2649 972 2708 et
989 2645 1068 2708 tota
1084 2635 1166 2707 haec

118 2749 216 2823 linea
234 2748 300 2821 BA
318 2746 458 2821 moveri
475 2770 602 2820 versus
621 2747 655 2820 N
659 2748 700 2835 C,
719 2747 773 2821 ita
789 2758 833 2819 ut
849 2747 980 2820 eodem
997 2760 1165 2844 tempore

118 2861 195 2959 pila
210 2863 403 2957 perveniat
416 2884 439 2932 a
453 2859 484 2932 B
498 2859 545 2932 ad
561 2861 589 2931 A
607 2873 644 2932 et
661 2860 760 2932 linea
777 2858 844 2931 BA
857 2860 905 2932 ad
923 2860 1058 2933 lineam
1077 2861 1163 2934 NG:

119 2976 173 3049 sic
199 2975 298 3047 enim
324 2985 447 3047 motus
473 2973 558 3068 pilae
588 2972 772 3045 describet
802 2971 935 3045 lineam
963 2973 1038 3047 BC.
1091 2973 1166 3048 Sed

118 3089 215 3161 forte
247 3111 291 3159 ea
322 3085 368 3158 de
396 3084 580 3158 industria
606 3085 782 3166 turbavit,
800 3098 843 3157 ut
872 3085 1011 3181 aliquid
1042 3085 1165 3159 dicere

118 3201 318 3288 videretur,
333 3224 418 3273 cum
432 3210 556 3272 tamen
571 3222 698 3271 revera
708 3199 799 3273 nihil
811 3200 910 3273 dicat
921 3200 1021 3296 quod
1031 3224 1106 3272 non
1117 3201 1165 3274 sit

118 3314 228 3410 plane
245 3313 495 3408 nugatorium.
549 3311 601 3385 Ut
621 3312 720 3384 enim
743 3313 876 3408 probet
893 3313 1123 3387 velocitatem
1141 3339 1165 3389 a

121 3426 152 3499 B
170 3427 218 3500 ad
237 3427 267 3499 C
287 3426 458 3521 componi
484 3448 530 3498 ex
556 3425 814 3499 velocitatibus
832 3451 855 3498 a
873 3427 902 3498 B
921 3427 968 3499 ad
986 3428 1031 3515 A,
1056 3439 1094 3501 et
1116 3429 1164 3501 ab

119 3541 155 3613 A
171 3539 219 3614 ad
232 3540 274 3624 C,
285 3539 415 3612 dividit
426 3551 633 3636 utrumque,
648 3537 805 3612 dicendo
821 3543 845 3577 “
856 3540 1028 3633 quoniam
1043 3554 1166 3615 motus

119 3653 167 3725 ab
185 3655 219 3726 A
237 3652 286 3727 ad
304 3653 334 3725 B
356 3652 442 3746 (hoc
460 3665 527 3741 est,
546 3676 569 3724 a
586 3653 616 3725 B
634 3652 682 3725 ad
699 3654 749 3744 A)
771 3654 1006 3749 componitur
1024 3679 1067 3728 ex
1087 3681 1166 3729 mo-

121 3766 221 3839 tibus
243 3766 290 3839 ab
315 3765 408 3839 Fad
428 3765 455 3836 A
477 3777 515 3838 et
533 3766 561 3837 F
578 3765 626 3837 ad
644 3765 688 3853 B,
712 3790 786 3838 non
811 3766 1022 3840 contribuet
1043 3781 1166 3843 motus

121 3879 348 3975 compositus
363 3878 429 3950 AB
443 3878 524 3974 plus
538 3878 737 3951 celeritatis
751 3879 799 3952 ad
811 3894 985 3954 motuma
999 3882 1166 3956 Bversus

122 3991 164 4080 C,
188 4015 299 4086 quam
328 3991 531 4063 contribuit
558 3991 632 4075 FA,
650 4014 718 4063 nec
738 3992 802 4064 AC
828 4016 938 4088 quam
965 3995 1167 4068 contribuit

119 4105 209 4178 AE”
229 4117 300 4178 etc.
354 4102 463 4177 Unde
480 4104 616 4176 inferre
635 4103 832 4194 debuisset,
853 4106 915 4179 BC
930 4109 1102 4204 componi
1121 4132 1167 4182 ex

474 4355 491 4389 ⁴*
514 4355 590 4413 Vide
605 4375 691 4431 supra
705 4375 732 4430 p.
749 4357 816 4413 286.
