2932 5054
531 430 864 485 nccnnsmsrrcn.
1147 417 1219 486 405

183 593 298 679 Deque
313 593 394 660 Fide
408 594 508 661 sensit
522 619 595 681 quae
609 619 695 664 nune
710 597 854 664 Ecclesia
867 596 965 664 sentit

226 692 348 759 Nostra
361 692 428 761 fere
439 718 448 770 3
471 719 536 761 non
551 707 600 761 est
613 718 699 763 nunc
713 719 797 763 nova
810 705 919 763 nostre
932 695 1038 762 Fides.

184 793 252 859 Nec
267 816 377 859 sensus
392 818 518 860 narrare
533 819 606 861 sucs
620 798 784 863 metuebat
801 796 920 874 amicis,

229 893 397 960 Haeret-icis
413 917 594 980 quanquam
609 907 687 962 tunc
701 919 798 983 grave
812 906 939 983 tempus
953 905 1030 963 eret.

185 991 274 1077 Ergo
288 1015 345 1078 per
358 993 561 1058 innumerum
575 994 729 1080 populum
744 994 889 1060 doctrina
902 994 1009 1060 volare

228 1091 350 1168 waldi,
368 1103 401 1157 et
414 1092 568 1179 paulatim
583 1115 723 1159 crescere
738 1117 814 1158 vera
827 1093 943 1160 Fides:

186 1189 299 1256 Donec
313 1190 352 1255 ad
367 1191 531 1277 ingentem
546 1192 716 1277 strepitum
731 1192 904 1278 perculsus,
919 1192 953 1257 in
966 1192 1037 1258 illos

231 1289 368 1354 Immisit
381 1312 472 1376 reges
486 1289 576 1376 Papa
590 1290 770 1374 quibusque
784 1313 868 1356 suos.

186 1388 378 1454 Waldenscs
391 1389 519 1454 tandem
535 1387 629 1453 multi
644 1388 720 1453 anni
734 1389 843 1474 praelia
856 1388 959 1455 multa

229 1487 417 1554 Extinxere.
461 1486 524 1552 Dei
539 1510 602 1552 non
618 1487 686 1552 sine
700 1487 839 1553 consilio.

189 1587 335 1671 Namque
350 1586 463 1652 animis
477 1586 641 1651 hominum
656 1596 735 1652 tunc
750 1586 870 1652 semina
878 1588 967 1673 jacta
980 1587 1080 1666 fuere,

232 1684 314 1767 Quae
330 1695 462 1772 surgent
476 1685 574 1770 Papis
589 1684 722 1750 exitiosa
737 1708 835 1772 seges.
1136 1691 1223 1753 2110

189 1784 337 1850 Territus
351 1784 400 1849 his
415 1784 518 1849 turbis
532 1782 634 1849 multo
649 1783 807 1850 crudelior
821 1783 907 1850 exit:

234 1883 424 1970 Suspectum
439 1882 581 1948 haeretici
596 1882 724 1949 nominc
739 1905 900 1968 quemque
913 1883 1006 1970 rapit.

191 1983 380 2069 Suspectum
395 1984 541 2069 abjurare
556 1982 643 2059 facit,
659 1982 686 2048 si
700 1982 790 2048 vult:
814 1983 866 2048 vel
881 1985 921 2049 ab
934 1983 1019 2071 igne,

234 2080 269 2148 Si
284 2105 348 2147 non
362 2083 444 2159 vult,
459 2081 552 2148 vivus
567 2082 705 2147 vertitur
718 2081 752 2147 in
767 2083 896 2149 cineres.

191 2181 253 2265 Qui
268 2181 347 2248 falso
362 2183 497 2267 abjurat,
512 2181 695 2268 resipiscere
709 2183 844 2248 dicitur:
862 2193 896 2249 at
909 2184 936 2249 si

235 2280 340 2363 Quem
351 2281 526 2366 juramenti
540 2281 684 2368 poenitet,
699 2280 753 2348 illc
767 2283 860 2369 perit.

191 2382 254 2447 Sec.
278 2380 398 2447 Nonne
413 2381 530 2466 quibus
544 2380 673 2457 vellent,
688 2391 863 2466 potuerunt
877 2404 1004 2469 parcere
1018 2383 1134 2471 reges?

233 2482 293 2545 Pr.
317 2478 352 2543 N
354 2503 404 2545 on.
450 2478 485 2543 N
486 2503 527 2545 cn
542 2480 713 2545 credebant
722 2480 805 2565 juris
819 2481 851 2545 id
867 2504 934 2548 esse
949 2483 1008 2547 sui.

191 2578 237 2644 Et
250 2602 326 2644 mcx
340 2579 473 2645 concilio
488 2579 591 2665 legem
607 2580 682 2644 tulit
696 2580 730 2645 in
745 2581 916 2661 Laterano,

234 2677 269 2742 N
270 2701 288 2744 e
303 2678 375 2763 quis
389 2701 446 2743 rex
457 2693 540 2744 esset
553 2679 640 2743 mitis
654 2679 688 2743 in
703 2679 885 2746 haereticos:
1144 2687 1230 2747 2120

193 2779 276 2861 Qua,
292 2778 352 2843 nisi
367 2789 439 2864 post
454 2802 573 2843 annum
588 2779 728 2845 monitus
743 2781 928 2866 purgaverit
942 2782 1044 2848 omnis

237 2879 402 2943 Haereseos
416 2900 562 2964 regnum,
577 2879 771 2964 dejiciendus
786 2890 863 2944 erat.

194 2976 268 3042 Hoc
282 2988 340 3053 est,
357 2977 383 3041 si
398 3000 488 3063 reges
503 2977 602 3063 Papis
616 3000 726 3064 parere
740 2988 896 3057 recusent,

237 3076 370 3145 Civibus
385 3077 530 3162 obsequii
545 3078 671 3143 vincula
686 3078 773 3143 nulla
787 3079 875 3144 fient.

195 3176 269 3259 Quo
284 3189 415 3263 potuere
430 3179 499 3242 loco
514 3177 616 3243 securi
631 3177 739 3244 vivere
752 3201 854 3264 reges,

238 3276 322 3345 Cum
337 3277 512 3364 percussori
527 3278 578 3342 lex
593 3276 683 3341 daret
697 3276 758 3342 ista
772 3277 891 3342 sicam?

197 3373 259 3442 Sed
274 3376 383 3442 solitos
398 3375 515 3462 repetit
529 3397 659 3440 securus
674 3373 764 3460 Papa
778 3373 965 3459 triumphos,

238 3476 292 3540 Ad
308 3498 422 3541 nomen
437 3497 632 3560 quamquam
647 3474 762 3559 palluit
776 3473 924 3538 haretici.

196 3573 322 3642 Caetera
336 3575 428 3640 fortis
442 3584 520 3651 erat,
536 3595 720 3657 vacuusque
735 3572 969 3658 superstitione.

239 3674 296 3738 An
311 3673 424 3738 Rcmae
439 3674 558 3738 clerum
574 3682 698 3757 spectra
712 3672 823 3736 timere
838 3671 956 3758 putas?

196 3770 329 3837 Iilcrum
345 3795 438 3837 nemo
452 3780 510 3848 est,
526 3770 622 3835 etiam
637 3768 703 3834 sine
718 3792 803 3854 aqua
816 3769 992 3847 benedicta,

241 3870 308 3953 Qui
322 3871 450 3936 dubitat
464 3879 562 3936 noctu
577 3869 672 3945 solus,
689 3879 722 3933 et
736 3868 771 3933 in
785 3868 935 3944 tenebris,

201 3969 255 4036 Ad
269 3969 493 4035 defunctorum
508 3978 713 4034 monumenta
728 3967 889 4052 quiescere
904 3989 1013 4041 sacra;

241 4068 347 4154 Inque
362 4069 468 4155 adytis
482 4067 604 4154 templi,
620 4066 646 4131 si
656 4068 751 4150 jubet
765 4064 899 4130 utilitas.

200 4167 264 4235 Sed
277 4178 428 4235 metuunt
442 4168 557 4254 potius,
569 4189 609 4230 ne
624 4188 681 4230 ncs
695 4188 732 4230 ea
746 4187 811 4229 ncn
825 4173 1020 4228 metuamus:

242 4269 316 4334 Hoc
331 4278 389 4346 est,
405 4267 580 4343 haereticos,
595 4277 692 4350 atque
707 4276 825 4351 patere,
841 4263 965 4327 timent

200 4367 263 4434 Sec.
288 4367 357 4435 Cur
370 4390 435 4436 non
449 4367 483 4432 in
498 4367 617 4433 clerum
631 4364 720 4431 laicis
734 4363 845 4430 saevire
860 4361 1015 4428 Latinum
