2932 5054
520 430 854 483 uccnusmsrrcr.
1138 419 1210 496 377

170 594 273 660 Veste
287 616 371 660 nova
384 617 493 659 rursus
508 596 614 680 prodit
629 607 721 662 vetus
736 595 885 662 haeresis:
910 618 974 662 una

214 693 329 760 Secum
344 693 491 778 prodibat
505 694 598 760 docta
617 705 744 760 caterva
759 695 873 761 virum.
1127 703 1211 763 1040

170 792 216 858 Hi
230 793 369 858 clamant
384 792 529 859 Christos
545 794 651 879 plures
666 817 728 859 non
744 817 822 872 esse,
838 795 893 860 sed
914 818 1035 860 unum:

212 892 246 956 N
248 903 419 976 aturasque
433 906 553 978 negant
568 894 662 959 unius
677 917 745 959 esse
759 895 847 959 duas.

169 990 307 1055 “Dicite
323 1002 426 1054 utram
442 991 549 1069 vultis,
565 1014 638 1055 narn
653 1015 780 1078 possum
796 991 923 1059 credere
938 992 1110 1060 utramvis:

212 1089 308 1154 “Res
322 1099 372 1153 est
385 1088 521 1154 difficilis
536 1089 662 1155 credere
677 1101 847 1174 utramque
862 1090 986 1155 simul.”

169 1187 353 1254 Catholicus
368 1188 495 1275 regerit,
512 1187 611 1256 “Cur
625 1212 688 1255 non
704 1200 794 1275 potes
809 1189 905 1275 impie
920 1193 1114 1275 utramque?

212 1297 231 1325 “
246 1291 338 1352 Anne
352 1287 464 1374 ignota
478 1289 539 1354 tibi
554 1299 604 1354 est
623 1288 927 1375 Unio-Hypostatica
938 1289 1018 1351 ?”-

169 1395 188 1423 “
200 1386 308 1452 Nota:
333 1397 367 1452 et
381 1388 423 1452 ob
437 1387 498 1452 hoc
512 1387 617 1472 ipsum
632 1409 696 1452 non
713 1410 841 1472 possum
855 1388 982 1455 credere
996 1399 1184 1474 utramque:

211 1495 231 1523 ‘⁶
245 1485 321 1550 Una
335 1495 394 1562 est,
410 1508 490 1569 quas
505 1486 578 1551 unit
598 1486 930 1571 Unio-Hypcstats'ca.”

169 1585 350 1652 Concilium
364 1607 474 1649 rursus
488 1584 609 1670 placuit
623 1583 769 1669 generale
784 1584 908 1650 vocari:

212 1685 257 1748 Et
270 1694 398 1748 resonat
412 1682 491 1748 rixis
506 1685 582 1748 urbs
597 1682 761 1768 Ephesiua
780 1682 885 1749 sacris
1126 1689 1209 1751 1050

170 1783 265 1849 Unde
279 1782 363 1847 redit
377 1781 478 1847 tristis
492 1793 542 1847 ter
557 1782 705 1865 victaque
720 1804 792 1867 pars
806 1780 940 1858 Ariana,

210 1881 288 1947 Non
303 1881 448 1947 convicta
463 1892 590 1957 tamen3
614 1881 668 1946 sed
682 1903 787 1965 neque
802 1890 892 1946 muta
906 1881 970 1946 diu.

167 1981 248 2047 Post
262 1980 381 2046 etenim
398 1978 562 2066 Synodum
578 1979 685 2046 tenuit
698 2003 770 2066 pars
784 1979 848 2058 illa,
862 1991 994 2048 vocante

211 2080 378 2166 Principe:
402 2103 467 2164 quo
481 2080 624 2158 dubium,
640 2080 696 2146 sed
710 2091 842 2145 tenuere
857 2091 983 2146 tamen:

169 2179 251 2262 Quae
266 2202 324 2244 sus
337 2178 496 2264 suffragiis
510 2178 665 2244 stabilivit
679 2178 829 2265 dogmata
842 2179 961 2245 multis.

213 2276 266 2343 Sic
281 2277 371 2342 lance
386 2287 514 2360 aequata
529 2276 717 2364 Theiologia
731 2277 830 2343 stetit

168 2375 213 2441 Et
228 2376 289 2441 nisi
304 2375 462 2444 Catholici
479 2374 680 2443 Chalcedone
695 2377 937 2456 consuluissent,

210 2476 328 2542 Essent
342 2499 428 2541 nunc
439 2475 486 2540 illi
500 2475 633 2541 forsitan
649 2476 799 2542 haeretici.

168 2575 295 2642 Cuncta
309 2575 364 2640 sed
378 2575 418 2639 ad
433 2597 574 2639 normam
592 2573 722 2660 Synodo
744 2585 933 2641 revocantur
947 2578 988 2642 ab
1002 2576 1057 2642 illa

209 2674 243 2739 N
246 2675 345 2740 icenae
361 2672 463 2749 Fidei,
481 2672 748 2758 catholicumque
763 2674 904 2740 modum.
1122 2679 1205 2741 1060

169 2773 326 2851 Haeresin,
342 2773 374 2837 in
391 2772 498 2858 plures
513 2772 631 2837 formas
645 2794 718 2856 quae
733 2771 871 2838 vertitur
885 2795 949 2837 una

211 2871 317 2954 Quam
332 2870 491 2954 quondam
506 2868 653 2946 Proteus,
670 2869 796 2935 vincula
810 2869 899 2934 nulls
913 2879 1032 2937 tenent

168 2970 207 3035 In
224 2969 433 3037 Chalcedonis
450 2968 579 3054 Synodo
593 2968 741 3033 damnata
754 2992 896 3054 repressa
910 2979 968 3047 est,

212 3068 275 3136 Sed
291 3079 396 3134 tamen
411 3080 449 3133 ut
463 3068 569 3133 verbis
584 3091 658 3133 mox
673 3068 814 3133 reditura
828 3068 929 3134 novis.

169 3168 314 3253 Namque
330 3190 424 3232 unam
435 3167 515 3252 jussi
532 3190 696 3252 personam
711 3166 815 3233 dicere
831 3165 962 3245 Christi,

211 3265 341 3334 Scilicet
354 3276 392 3331 ut
406 3265 507 3341 nobis,
523 3287 600 3342 esse,
616 3287 676 3330 nec
690 3287 757 3330 esse
772 3265 867 3331 duas:

167 3364 201 3429 N
203 3389 243 3430 on
259 3366 365 3452 plures
379 3387 443 3428 una
458 3364 628 3429 voluerunt
641 3363 744 3429 dicere
761 3363 882 3431 Christi

209 3463 289 3528 Esse
304 3463 503 3539 voluntates3
527 3463 621 3528 unica
635 3463 753 3549 quippe
769 3463 860 3528 Patri
874 3473 931 3529 est.

168 3560 280 3628 Graeca
295 3560 420 3626 vocavit
430 3584 483 3627 eos
499 3560 643 3627 Ecclesia
656 3562 903 3627 Mormotlclitae.

210 3659 350 3725 Haeresis
365 3659 503 3746 Imperio
518 3659 687 3746 posthuma
700 3671 734 3725 at
748 3659 803 3725 illa
816 3659 889 3738 suit,
1122 3661 1204 3726 1070

167 3758 200 3822 N
202 3771 317 3842 ataque
332 3781 405 3824 cum
422 3757 568 3844 Synodos
582 3759 744 3844 generales
759 3758 849 3845 Papa
863 3761 1005 3836 vocabat,

209 3858 242 3922 N
245 3858 368 3943 eglecto
382 3858 502 3923 dudum
518 3858 677 3944 Principe,
689 3860 762 3944 jure
777 3882 843 3924 suo.

167 3961 230 4022 Sco.
254 3957 314 4022 Ille
330 3957 526 4023 voluntatem
542 3958 664 4025 Christi
679 3959 735 4043 qui
757 3959 869 4024 fecerit
882 3980 989 4032 unam,

210 4056 260 4121 Ut
273 4057 378 4133 debet,
395 4058 539 4140 quamvis
554 4059 696 4125 crederet
710 4081 777 4124 csse
792 4059 880 4136 duas,

168 4153 282 4219 Salvus
296 4155 366 4220 erit.
412 4154 505 4219 Nihil
519 4155 587 4221 haec
603 4157 676 4221 vitae
691 4156 818 4222 subtilia
836 4165 986 4241 prosunt:

210 4253 296 4317 Zona
311 4253 440 4318 viatoris
455 4254 575 4338 respuit
589 4253 671 4320 lianc
685 4255 826 4320 maciem.

166 4351 197 4416 N
202 4376 241 4418 ou
258 4353 409 4438 populum
427 4352 556 4419 Veteris
570 4354 680 4421 docuit
695 4354 739 4419 sic
755 4353 896 4418 Falleris
911 4353 1043 4418 author:
