2932 5054
395 408 582 468 auruuor
603 407 872 462 onouuunrcu
891 408 980 462 nuc.
1129 395 1203 463 209

162 575 339 672 praeditus
362 575 585 650 testudinem
615 598 725 650 cursu
747 599 823 649 non
848 575 1010 671 potuisse
1037 575 1205 670 assequi:
1242 602 1310 643 ore.
1325 600 1381 641 ιιι.

165 688 231 761 sed
246 689 316 762 hoe
345 701 501 778 tantum,
520 688 684 786 potuisse
712 689 759 778 (si
784 688 963 780 libuisset)
991 687 1102 761 etiam
1130 711 1205 761 non
1244 667 1392 777 ὦ

165 801 321 897 assequi.
371 801 590 899 Exemplum
607 825 694 898 ergo
707 801 943 898 paralogismi
960 800 1112 875 Zenonii
1130 825 1205 874 non

164 913 297 1010 probat
315 914 667 989 demonstrationem
685 937 763 988 esse
779 937 886 1011 posse
903 913 950 987 de
972 937 1012 987 re
1031 937 1113 1009 quae
1130 937 1205 988 non

163 1027 211 1099 sit
228 1025 479 1123 intelligibilis.

214 1138 360 1236 Pergit:
387 1139 632 1212 scientiarum
647 1136 885 1212 humanarum
896 1137 1206 1236 onrnimmfacilli·

163 1276 239 1341 arc,
257 1252 552 1341 euidentissime,
569 1250 1020 1349 comprelrcnsibitiaaimoe,
1038 1262 1122 1327 sumt
1133 1276 1206 1349 pu·

163 1388 220 1436 rae
238 1373 276 1437 et
297 1365 581 1464 simplicissime
607 1365 888 1440 mathematicae.
938 1364 986 1437 Im
1000 1364 1206 1463 geomoetria

163 1488 284 1551 tamen
301 1489 338 1552 et
355 1479 591 1552 arithmetica
602 1487 692 1574 quot
708 1488 792 1551 eunt
801 1477 1080 1576 propositiones
1079 1476 1206 1572 firmi·

164 1600 223 1664 ter
252 1592 529 1678 demonstrate,
547 1615 621 1687 qme
650 1600 735 1664 aunt
761 1600 881 1663 tamen
909 1588 1203 1688 inexplicabiles,

162 1702 440 1802 incogitabiles,
464 1702 879 1800 incomprehensibiles?
929 1701 1118 1799 Exempla
1134 1703 1205 1777 cd-

164 1815 294 1889 ducam
303 1841 444 1915 poucn,
461 1825 530 1889 etc.
574 1816 709 1889 Nonne
727 1827 813 1891 sunt
829 1816 989 1889 absurda
1005 1815 1109 1889 haecl
1144 1817 1205 1891 An

165 1927 416 2004 demonstrare
434 1929 577 2015 dicetur
594 1929 800 2018 veritatem,
818 1928 887 2002 nisi
911 1929 1011 2002 illam
1035 1927 1148 2003 faciat
1164 1942 1205 2004 ut

162 2054 339 2139 appareat
372 2054 412 2117 et
443 2040 691 2136 intelligatur?
744 2040 818 2116 Qui
853 2042 966 2115 sciam
995 2065 1124 2115 verum
1157 2066 1205 2116 an

163 2158 297 2232 falsum
329 2159 390 2248 sit,
420 2157 519 2254 quod
548 2155 672 2231 animo
698 2158 892 2254 imaginari
925 2182 1001 2232 non
1034 2160 1204 2256 possum?

165 2272 238 2346 Sed
260 2272 424 2369 legamus
454 2269 621 2367 exempla
648 2295 728 2367 qnae
755 2272 1037 2368 subjuncturum
1063 2295 1102 2344 se
1125 2295 1205 2346 esse

164 2385 275 2459 dicit:

214 2520 242 2572 1.
273 2496 383 2583 Quod
400 2497 580 2571 minimum
603 2496 765 2592 spatium
789 2497 1037 2597 conceptibile
1061 2497 1206 2594 <equale

162 2634 244 2682 esee
266 2619 395 2707 potest
421 2610 546 2709 spatio
569 2606 690 2680 altero
716 2633 828 2707 emper
848 2611 1001 2683 eamdem
1021 2609 1143 2682 docem
1166 2619 1204 2682 et

163 2722 324 2817 ejusdem
342 2721 569 2812 altitudinis,
587 2722 690 2824 cipue
710 2720 831 2795 latero
841 2721 1204 2821 protractafuecimt

163 2834 201 2909 in
218 2835 408 2931 iifimitum.

214 2947 558 3044 Parallelogramma
585 2946 732 3043 quidem
762 2958 801 3020 et
831 2947 1015 3043 triangula
1039 2946 1204 3043 ejusdem

164 3060 370 3135 altitudinis
405 3085 514 3157 super
548 3059 702 3133 eandem
736 3061 862 3133 basem
889 3061 1013 3133 omnia
1039 3061 1136 3133 inter
1164 3083 1204 3132 se

164 3173 319 3269 aequalia
344 3198 435 3263 esse,
461 3173 599 3247 nemini
625 3197 700 3246 non
723 3173 952 3270 intelligibile
973 3185 1040 3247 est.
1094 3172 1206 3249 Quod

163 3285 279 3376 addit,
298 3288 403 3382 cujus
425 3286 549 3361 latero
562 3287 842 3384 protrahuntur
866 3286 903 3359 im
926 3285 1116 3382 irfinitum,
1140 3289 1205 3361 ab·

164 3399 315 3472 surdum
349 3412 418 3474 est.
470 3400 575 3473 Siout
603 3398 704 3473 enim
738 3423 927 3473 scamnum
960 3424 1036 3473 non
1070 3400 1205 3474 dicitur

163 3524 360 3609 antequam
374 3513 587 3610 perficiatur
603 3540 612 3584 :
630 3513 683 3586 ita
696 3536 814 3609 neque
832 3513 991 3608 spatium
1008 3524 1205 3609 antequam
1338 3562 1344 3572 -

163 3625 324 3698 finiatur.
378 3624 490 3701 Quod
517 3640 642 3698 autem
674 3625 859 3699 infinitum
887 3636 954 3714 est,
978 3649 1053 3698 non
1078 3626 1205 3701 finitur

163 3761 281 3834 neque
298 3738 397 3812 finiri
413 3750 549 3835 potest.
599 3739 697 3812 Nam
716 3736 825 3834 plane
843 3737 1065 3834 impossibile
1084 3751 1123 3812 et
1139 3740 1204 3812 ab·

162 3851 314 3925 surdum
345 3862 414 3940 est,
444 3873 513 3924 neo
541 3874 587 3923 ex
613 3851 827 3925 Torricellio
858 3851 1034 3947 sequitur,
1057 3853 1204 3927 finitum

162 3965 307 4038 infinito
324 3964 464 4061 aequale
481 3987 572 4037 esse.

214 4101 258 4151 11.
294 4077 456 4151 Finitum
486 4076 629 4173 irfinito
661 4078 781 4174 majam
814 4103 893 4151 csse
921 4087 1060 4176 potest.
1112 4077 1204 4153 Quis

163 4190 282 4264 dixit?
335 4191 409 4264 Ubi
425 4190 583 4287 legerit?
634 4191 765 4264 Tacet:
784 4216 870 4264 nam
887 4191 1085 4265 absurdum
1102 4202 1169 4264 est.

214 4326 278 4377 111.
308 4304 418 4388 Quod
441 4329 564 4378 omnes
594 4305 727 4404 aecgati
758 4315 948 4378 contactus
981 4305 1203 4395 circulares,

261 4438 354 4490 vot.
375 4439 413 4490 v.
1080 4441 1105 4493 ιι
