2932 5054
549 408 884 461 accnnsrasrrcn.
1168 399 1243 464 393

198 567 294 651 Quod
309 569 421 636 domus
436 581 486 637 est
500 572 614 637 animae
629 594 753 658 corpus,
769 572 808 638 fit
822 573 916 657 quod·
919 573 1014 658 jubet
1024 573 1096 651 illa;

240 669 317 734 Non
332 669 436 748 homo,
451 694 516 736 non
531 695 655 757 corpus,
670 695 736 737 non
751 696 830 758 opus
845 673 914 759 ipsa
927 671 1025 750 facit3

199 768 262 834 Sed
276 771 357 835 bene
372 770 532 856 dispositis
546 783 745 859 peraguntur
758 784 876 838 cuncta
888 772 1053 850 ministris,

240 868 405 956 Fungitur
419 881 452 934 et
466 881 611 956 prompte
626 892 758 937 munere
774 871 910 955 quisque
925 892 1003 948 suo;
1158 874 1241 937 1650

197 966 327 1044 Olfecit,
342 978 377 1034 ct
389 979 509 1055 gustat,
525 980 614 1035 tactu
630 971 737 1047 sentit,
753 971 851 1046 videt,
867 971 966 1047 audit,

239 1067 274 1131 N
275 1092 316 1133 on
331 1067 435 1146 homo,
451 1069 506 1134 sed
521 1093 632 1135 sensus
647 1070 793 1156 proprius
807 1070 870 1136 ista
883 1069 970 1135 facit

196 1166 231 1230 N
233 1190 334 1253 empe,
351 1191 444 1233 suum
458 1168 561 1234 mittit
575 1168 800 1234 simulachrum
816 1191 866 1234 res
880 1169 914 1233 in
928 1168 1054 1247 ocellos,

238 1265 343 1351 quue
358 1266 446 1332 videt
460 1267 569 1342 visus;
594 1290 659 1333 non
674 1267 764 1332 videt
776 1266 857 1331 illud
872 1266 977 1345 homo,

196 1363 268 1430 Nec
282 1388 379 1431 sonus
393 1366 550 1432 auriculas
565 1376 721 1453 penetrat,
734 1366 813 1451 quin
828 1366 938 1432 audiat
951 1367 1043 1433 illum

239 1464 404 1541 Auditus3
421 1465 501 1530 nihil
516 1475 566 1531 est
579 1466 646 1551 ipse
661 1465 748 1549 quod
763 1464 854 1530 audit
867 1464 980 1543 homo;

196 1562 358 1649 Acceptas
373 1565 493 1650 species
507 1565 687 1630 considerat
705 1564 907 1641 intellectum

241 1661 403 1749 Supputat
417 1674 451 1729 et
464 1664 565 1738 ratio;
590 1664 704 1748 visque
718 1688 841 1730 memor
854 1665 982 1731 retinet.

198 1762 252 1829 Sic
267 1786 395 1848 quoque
404 1764 562 1849 judicium
577 1764 749 1843 discernit3
773 1765 909 1851 vultque
924 1764 1094 1831 voluntas¹.

241 1861 294 1929 Sic
309 1885 382 1928 vere
397 1862 518 1928 dictum
534 1874 592 1941 est,
608 1865 667 1929 Est
681 1865 892 1929 microecrruas
905 1863 999 1930 homo.
1155 1867 1238 1928 1660

196 1962 260 2026 Soc.
284 1960 343 2026 Nil
357 1962 436 2028 facit
450 1964 489 2028 ad
504 1975 645 2029 nostram
660 1963 815 2029 comoedia
829 1963 929 2029 stulta
943 1964 1097 2031 salutem:

238 2059 311 2126 Nec
325 2085 383 2126 nos
398 2061 567 2127 salvabunt
581 2061 722 2149 physica,
738 2084 813 2127 vera
832 2062 917 2128 licet

198 2158 282 2225 Sunt
296 2160 452 2226 credenda
467 2159 595 2244 quidem
610 2160 701 2226 libris
716 2183 917 2245 quaecunque
931 2161 1084 2247 leguntur

240 2257 364 2324 Sacris:
388 2259 442 2324 sed
459 2258 571 2326 Codex
585 2281 650 2323 non
665 2259 763 2324 habet
778 2259 839 2326 ista
853 2257 926 2325 Dei.

195 2355 230 2420 N
232 2381 273 2422 on
288 2358 374 2423 tollit
387 2369 517 2444 peccata
532 2356 695 2423 hominum
711 2358 868 2444 sapientia
883 2358 1017 2426 Graeoa:

238 2456 311 2523 Nec
325 2458 411 2524 facta
425 2468 474 2522 est
489 2457 588 2522 tardis
603 2480 696 2543 poena
711 2456 868 2524 Gehenna
882 2459 1008 2536 animis,

198 2555 261 2622 Sed
276 2557 362 2622 fastu
377 2557 489 2643 plenis,
504 2556 720 2633 mendacibus,
736 2567 833 2640 atque
847 2556 1033 2643 hypocritis,

239 2655 390 2743 Ingratis,
406 2656 517 2733 avidis,
533 2656 680 2721 omnibus
695 2667 794 2739 atque
808 2656 916 2742 nigris.

197 2754 279 2819 Nam
295 2758 374 2822 bene
390 2767 546 2822 moratum
562 2755 712 2841 physicus
727 2754 754 2819 si
769 2755 915 2840 perderet
929 2777 1029 2831 error,

239 2854 314 2937 Quo
328 2865 427 2921 staret
441 2856 552 2922 doctor
566 2854 805 2941 discipulusque
820 2853 915 2919 loco?
1155 2852 1238 2920 1670

195 2955 255 3019 Pr.
279 2955 360 3020 Post
373 2955 455 3021 hanc
470 2977 680 3041 suppressam,
697 2955 804 3019 statim
820 2953 909 3019 venit
923 2952 1023 3019 altera
1042 2951 1153 3036 major,

239 3052 345 3135 Quam
361 3077 451 3140 reges
466 3055 560 3119 multi
574 3055 755 3119 sustinuere
771 3052 835 3118 diu.

196 3150 396 3219 Christicolis
410 3155 540 3220 dederat
555 3154 664 3239 primis
679 3154 823 3219 Ecclesia
837 3152 949 3239 prima,

238 3252 329 3320 Idola
342 3254 392 3341 (ut
407 3276 497 3318 verso
511 3253 656 3337 nomine)
670 3253 785 3319 habere
802 3275 870 3317 sna.

196 3350 259 3416 His
274 3353 410 3439 populus
425 3353 535 3417 fudere
550 3374 669 3438 preces,
685 3351 851 3417 ethonore
867 3349 1014 3415 colebant

239 3450 345 3534 Quem
360 3451 489 3517 dederat
504 3451 591 3516 falsis
607 3451 764 3516 Ethnicus
779 3462 853 3515 ante
868 3448 945 3514 deis.

196 3550 233 3615 ld
250 3551 336 3635 quod
351 3562 501 3636 pastores,
516 3563 669 3638 regnante
685 3550 795 3615 Leone
810 3548 959 3624 secundo,

238 3649 404 3714 Innumeri
419 3661 452 3715 et
466 3650 552 3715 docti
568 3672 630 3713 non
647 3660 779 3734 potuere
795 3647 871 3733 pati.

196 3748 362 3815 Certatum
379 3759 427 3815 est
442 3759 571 3815 centum
587 3749 769 3834 scriptoque
785 3758 819 3813 et
833 3770 910 3812 voce
926 3768 982 3833 per
997 3766 1106 3821 annos,

238 3848 291 3911 An
307 3847 393 3914 licite
409 3848 440 3912 in
457 3848 552 3913 sacris
568 3846 666 3933 possit
682 3847 785 3933 imago
801 3845 870 3911 coli
1155 3842 1238 3904 1680

197 3947 259 4014 Sed
275 3947 352 4012 victi
367 3949 495 4013 tandem
511 3957 673 4013 cessenrnt
688 3946 902 4022 Iconomcclti,

238 4047 284 4111 Et
299 4047 393 4112 simul
408 4046 514 4111 Eoum
529 4045 666 4132 languiit
681 4045 858 4130 imperium.

195 4148 281 4212 Nam
297 4146 381 4212 circa
394 4146 454 4211 hoc
469 4158 595 4232 tempus
611 4145 705 4231 cocpit
723 4143 910 4211 Saracenica
924 4152 1009 4207 secta

421 4349 428 4381 ¹
451 4345 532 4416 [Vide
545 4345 722 4406 anraruax,
736 4341 854 4411 anglice,
866 4358 891 4409 p.
905 4343 929 4404 3,
945 4337 997 4406 ln]
