2932 5054
450 808 622 877 PRIMAE
644 808 823 878 PARTIS

196 925 464 1051 DOCTRINAE
487 929 825 1055 WALLISIANAE
847 979 912 1053 DE
936 988 1077 1057 MOTU

368 1146 641 1227 sansoni
680 1150 904 1229 ausvis

110 1465 247 1541 Quum
265 1465 396 1541 misisti
412 1467 504 1540 mihi
528 1467 707 1543 lobannis
729 1469 887 1543 Wnllisii
911 1469 1074 1543 libellum
1101 1468 1163 1543 De

111 1576 225 1652 Motu
242 1578 383 1676 perlegi
401 1579 611 1678 diligenter.
663 1582 840 1655 Continet
857 1595 981 1656 antem
1005 1584 1163 1680 primam

111 1703 272 1787 partem,
289 1714 422 1789 nempe
441 1692 649 1768 doctrinam
668 1695 715 1769 cle
732 1693 865 1768 Libra.
918 1694 1083 1793 Reliquae
1100 1721 1164 1769 ex·

111 1816 323 1900 pectantur.
374 1805 520 1880 Quaeris
537 1807 626 1903 quid
643 1832 812 1881 censeam
830 1809 875 1882 de
892 1809 1040 1906 prima'
1075 1808 1164 1883 Non

112 1916 250 2013 placet.
304 1917 399 1993 Quae
416 1919 516 1994 clara
532 1931 631 2012 sunt,
649 1922 827 2008 obscura;
855 1923 1163 1996 obscura‘obscu-

112 2029 325 2104 riorafacit.

164 2142 345 2218 Methodo
362 2142 510 2242 quidem
527 2156 631 2220 recta
653 2145 783 2237 utitur,
800 2147 1004 2244 procedens
1026 2171 1050 2220 a
1071 2147 1164 2222 defi-

113 2257 330 2349 nitionibus,
348 2258 414 2333 sed
434 2259 598 2333 vitiosis:
625 2273 664 2334 et
686 2285 842 2356 quarum
870 2260 1001 2358 aliquae
1023 2260 1072 2335 ad
1098 2259 1163 2334 de-

113 2371 420 2454 monstrationem
447 2373 586 2448 nullam
614 2372 781 2447 adhiberi
810 2386 978 2471 possunt,
997 2373 1098 2471 quod
1123 2384 1163 2447 et

113 2484 236 2580 ipsum
252 2484 425 2559 vitiosum
441 2495 510 2559 est.
561 2487 684 2584 Hujus
700 2486 846 2585 generis
863 2497 921 2562 est
937 2487 1057 2587 prima
1081 2487 1162 2562 haeo

112 2596 345 2672 melanica.

505 2771 729 2825 nummulo
749 2774 778 2825 1.

256 2899 480 2974 Mecbuuica
496 2910 554 2976 ert
569 2901 781 2999 geometria
805 2902 852 2976 de
865 2911 972 2976 motu.

166 3036 268 3113 Quid
283 3037 371 3110 hinc
389 3037 516 3111 inferri
540 3050 663 3134 potest
680 3039 781 3136 quod
798 3040 983 3113 conducat
1005 3040 1054 3112 ad
1077 3040 1165 3112 doc·
1197 3065 1355 3108 narramur

113 3150 250 3224 trinam
267 3151 315 3224 de
332 3149 486 3224 Libra?
522 3151 766 3248 Etymologia,
780 3166 837 3224 ἀπὸ
850 3171 898 3236 τῆς
911 3171 1166 3248 μηχανῆς,ᾳιιοῐ-
1205 3149 1348 3251 „L

113 3287 196 3338 sum
229 3263 393 3338 attinet?
455 3264 540 3339 Quo
577 3265 732 3338 authore
773 3265 990 3360 geometra?
1055 3263 1166 3338 “Sed

114 3376 249 3474 quid”‚
283 3378 439 3474 inquies,
478 3378 648 3452 “accidit
682 3377 917 3468 incommodi,
949 3378 980 3450 si
1009 3376 1165 3451 doceare

112 3490 235 3565 obiter
251 3490 532 3588 grammaticam
544 3491 581 3562 ?”
633 3492 684 3564 At
702 3492 740 3564 in
764 3491 835 3564 hac
852 3514 996 3588 quoque
1019 3490 1164 3586 ineptit,

113 3603 327 3677 melanica
357 3603 483 3677 dicens
517 3603 556 3677 ia
585 3603 789 3702 singulari,
819 3613 856 3677 et
888 3602 1100 3676 mechanica
1128 3604 1167 3676 ia

107 3715 268 3815 plurali,
286 3724 327 3788 ul
344 3724 382 3788 et
400 3715 527 3814 logica
553 3715 592 3788 ira
608 3715 810 3814 singulari,
829 3726 867 3792 et
884 3715 1010 3816 logica
1027 3717 1065 3788 ia
1075 3716 1126 3814 pl
1149 3764 1166 3777 -

114 3830 192 3904 ruli
196 3827 367 3930 perinde
383 3853 466 3902 eoae
476 3856 490 3903 .·
516 3852 601 3902 cum
618 3829 849 3902 notissimum
873 3829 920 3903 sit
943 3830 991 3903 ad
1018 3831 1165 3903 mecha-

113 3944 233 4017 nicam
247 3955 287 4017 et
302 3942 459 4039 logicam
475 3943 513 4014 in
532 3941 708 4039 singulari
726 3942 947 4015 subaudire*
959 3956 1099 4028 artem3
1117 3943 1165 4016 ad

111 4058 328 4132 mechanica
346 4068 384 4129 et
409 4056 529 4153 logica
552 4057 591 4129 in
616 4056 748 4152 plurali
772 4055 929 4151 intelligi
948 4080 1072 4151 opera,
1087 4068 1165 4129 stu-

112 4171 182 4261 dia,
200 4173 462 4259 instrumenta,
481 4169 539 4242 vel
556 4169 695 4266 aliquid
709 4170 838 4242 simile.

427 4404 429 4411 .
494 4357 511 4392 ⁴
535 4355 585 4421 sio
600 4355 668 4415 edit.
690 4355 775 4416 1671.
