2932 5054
337 428 528 493 atruuor
545 431 817 485 onounrruct
836 431 923 486 nro.
1080 416 1149 485 161

111 612 199 671 nem
215 598 419 695 majorem:
444 610 483 673 et
505 614 643 696 quanto
666 598 826 674 maxima
848 596 1066 696 magnitudo
1086 598 1155 671 mi-

112 732 241 783 norem
251 711 370 809 magis
379 722 541 808 superat,
555 722 660 786 tanto
675 713 787 786 etiam
799 712 846 785 ad
863 711 964 785 illam
977 712 1154 808 majorem

111 821 223 897 habet
240 822 434 898 rationem.

162 957 228 1009 ιιι.
255 935 351 1011 Sunt
372 947 496 1010 autem
520 935 682 1008 rationes
707 936 859 1010 minoris
885 935 933 1009 ad
959 936 1090 1031 majus,
1115 946 1155 1009 et

110 1047 260 1144 maJ’oris
276 1046 325 1120 ad
347 1047 479 1137 minus,
497 1047 641 1122 diversa
665 1073 802 1146 genere
819 1049 1047 1146 quantitatis,
1065 1072 1154 1146 qua-

111 1184 194 1234 rum
210 1160 329 1234 altera
344 1171 400 1234 est
416 1161 512 1234 ratio
530 1160 706 1250 defectus,
724 1162 841 1235 altera
856 1186 1042 1236 excessus:
1064 1186 1153 1260 quo·

111 1275 219 1347 rum*
230 1272 332 1370 prior
344 1273 604 1371 quantomagis
614 1274 1000 1371 multiplicatur,tanto
1009 1298 1155 1372 semper

111 1386 155 1460 fit
180 1385 346 1460 defectus
371 1386 505 1476 minor,
522 1411 643 1484 neque
668 1411 758 1484 ergo
784 1388 965 1461 rationem
984 1410 1154 1462 excessus

111 1523 272 1596 unquam
289 1510 439 1596 superat
455 1511 520 1574 ant
536 1523 681 1597 aeqnare
697 1498 845 1597 poterit

162 1635 219 1687 ιι.
233 1611 382 1690 Eaedem
394 1613 471 1687 sive
481 1612 617 1687 similes
627 1613 704 1687 aire
716 1612 875 1710 aequales
884 1611 1045 1685 rationes
1055 1621 1153 1700 sunt,

112 1724 152 1799 in
167 1725 331 1799 numeris
348 1724 495 1822 quidem
508 1724 656 1823 quando
673 1737 761 1799 sunt
778 1725 1017 1821 cognomines
1030 1725 1089 1797 vel
1106 1722 1154 1797 ad

113 1837 350 1935 cognomines
375 1837 503 1912 reduci
526 1849 701 1935 possunt:
726 1849 770 1912 ut
795 1837 827 1911 si
851 1849 932 1912 tum
956 1836 1076 1933 prima
1098 1859 1155 1909 se-

112 1949 255 2040 cundae,
281 1962 360 2025 tum
384 1951 495 2025 tertia
519 1963 661 2048 quartae
687 1947 922 2042 sit-:ve1;-.
975 1948 1048 2024 Ubi
1066 1972 1154 2022 vero

111 2062 274 2136 rationes
287 2062 450 2137 effabiles
467 2087 533 2160 per
546 2086 717 2137 numeros
733 2086 811 2136 non
829 2073 927 2153 sunt,
941 2072 1021 2135 tum
1035 2061 1155 2158 prima

113 2175 297 2265 secundae,
315 2187 394 2250 tum
413 2176 524 2250 tertia
541 2188 681 2274 quartae
698 2188 786 2249 sunt
801 2176 920 2249 latera
936 2199 1153 2272 correspon-

112 2288 241 2361 dentia
254 2288 520 2385 triangulorum
530 2289 717 2363 similium:
735 2301 984 2387 vocanturque
1000 2313 1154 2386 propor-

112 2400 276 2493 tionalia,
295 2401 399 2498 quasi
427 2402 602 2477 habentia
623 2402 836 2500 portionem
858 2403 1154 2501 proportione:

113 2514 250 2588 Graecis
266 2526 390 2589 autem
406 2529 567 2606 ἀνάλογον,
581 2515 684 2614 quasi
701 2515 799 2588 idem
816 2516 951 2589 iterum
968 2515 1120 2589 dictum.

162 2651 202 2703 v.
230 2628 413 2702 Contione
442 2629 734 2726 proportionales
764 2640 851 2703 sunt
881 2655 976 2726 quae,
1003 2652 1154 2726 propor-

111 2739 267 2813 tionales
278 2765 362 2814 cum
372 2741 458 2832 sint,
470 2743 608 2816 habent
624 2741 781 2816 mediam
795 2742 1039 2839 quantitatem
1053 2765 1153 2816 com,

112 2875 273 2941 munem,
291 2864 333 2927 ut
354 2863 385 2944 l,
401 2863 437 2943 2,
451 2858 485 2928 4.

162 2988 222 3040 vr.
248 2966 402 3041 Numeri
421 2966 592 3066 quadrati
610 2967 715 3042 radix
734 2976 789 3040 est
806 2966 867 3039 ille
885 2989 1072 3055 numerus
1090 2968 1154 3063 qui

113 3078 376 3176 multiplicatus
409 3081 448 3155 in
482 3105 521 3156 sc
555 3104 749 3156 numerum
780 3080 939 3177 aliquem
969 3079 1152 3176 producit.

114 3192 320 3268 Productus
331 3203 454 3267 autem
467 3193 1008 3288 numerusdiciturquadratus
1034 3192 1154 3265 Radix

113 3319 241 3378 autem
258 3305 315 3378 sui
333 3305 502 3402 quadrati
521 3330 663 3402 semper
679 3329 763 3402 pars
780 3318 837 3379 est
859 3304 1037 3402 aliquota:
1062 3317 1106 3378 ut
1122 3305 1153 3378 si

114 3415 219 3490 radix
248 3416 298 3491 sit
322 3424 360 3508 8,
378 3418 577 3515 quadratus
603 3418 674 3499 erit
700 3427 761 3508 64,
779 3427 818 3492 et
839 3416 943 3492 radix
962 3439 1049 3512 pars
1075 3418 1154 3512 ejus

115 3540 260 3604 octava.

164 3665 242 3718 vn.
269 3643 509 3719 Manifestum
533 3669 621 3740 ergo
644 3656 700 3718 est
723 3642 884 3718 radicem
908 3643 1051 3749 numeri
1069 3667 1154 3738 qua·

114 3756 297 3830 dratinon
311 3757 496 3831 esselatus
509 3756 1156 3854 quadrataefiguraczqnanqnamhoc

114 3880 228 3967 neget
243 3868 442 3959 wallisius,
461 3881 499 3942 et
512 3869 637 3944 caeteri
654 3869 870 3965 algebristae‚
889 3869 951 3966 qui
964 3868 1157 3941 veritatem

114 4007 216 4058 nunc
233 4006 432 4079 agnoscere
450 3981 550 4057 sive*
567 3981 707 4079 pudore
724 3994 922 4076 nequeunt.

165 4118 261 4171 vm.
279 4094 320 4170 Si
336 4107 413 4169 tres
432 4096 704 4194 magnitudines
726 4095 866 4167 fuerint
882 4093 1056 4166 continue
1072 4116 1158 4189 pro-

524 4341 542 4378 *
566 4341 614 4401 Sic
628 4340 697 4400 edit.
715 4339 800 4401 1674.
945 4411 950 4419 ἱ

217 4457 311 4511 VOL·
331 4457 369 4510 V·
1027 4458 1058 4508 Μ

1205 626 1278 668 ΟΔΡ,
1290 626 1326 667 11:

1194 693 1339 728 κ-γ-ν

1199 753 1335 799 nonum
