<?xml version="1.0" encoding="UTF-8"?>
<!DOCTYPE html PUBLIC "-//W3C//DTD XHTML 1.0 Transitional//EN"
    "http://www.w3.org/TR/xhtml1/DTD/xhtml1-transitional.dtd">
<html xmlns="http://www.w3.org/1999/xhtml" xml:lang="en" lang="en">
 <head>
  <title>
</title>
<meta http-equiv="Content-Type" content="text/html;charset=utf-8" />
  <meta name='ocr-system' content='tesseract 3.04.00' />
  <meta name='ocr-capabilities' content='ocr_page ocr_carea ocr_par ocr_line ocrx_word'/>
</head>
<body>
  <div class='ocr_page' id='page_1' title='image "./thomhobbesmalme06hobbgoog_0358.png"; bbox 0 0 2932 5054; ppageno 0'>
   <div class='ocr_carea' id='block_1_1' title="bbox 548 438 1228 506">
    <p class='ocr_par' dir='ltr' id='par_1_1' title="bbox 548 438 1228 506">
     <span class='ocr_line' id='line_1_1' title="bbox 548 438 1228 506; baseline 0.016 -12"><span class='ocrx_word' id='word_1_1' title='bbox 548 443 877 499; x_wconf 75' lang='lat' dir='ltr'><strong>neonusntsnrcs.</strong></span> <span class='ocrx_word' id='word_1_2' title='bbox 1156 438 1228 506; x_wconf 78' lang='lat'><strong>³55</strong></span> 
     </span>
    </p>
   </div>
   <div class='ocr_carea' id='block_1_2' title="bbox 182 604 1227 3767">
    <p class='ocr_par' dir='ltr' id='par_1_2' title="bbox 182 604 1227 3767">
     <span class='ocr_line' id='line_1_2' title="bbox 198 604 944 687; baseline 0.009 -15"><span class='ocrx_word' id='word_1_3' title='bbox 198 604 251 672; x_wconf 85' lang='lat' dir='ltr'><strong>Sic</strong></span> <span class='ocrx_word' id='word_1_4' title='bbox 265 606 387 672; x_wconf 84' lang='lat' dir='ltr'><strong>ratione</strong></span> <span class='ocrx_word' id='word_1_5' title='bbox 401 607 508 673; x_wconf 91' lang='lat' dir='ltr'><strong>dolum</strong></span> <span class='ocrx_word' id='word_1_6' title='bbox 522 608 653 687; x_wconf 79' lang='lat' dir='ltr'><strong>detexit,</strong></span> <span class='ocrx_word' id='word_1_7' title='bbox 669 620 703 676; x_wconf 86' lang='lat' dir='ltr'><strong>et</strong></span> <span class='ocrx_word' id='word_1_8' title='bbox 717 633 791 678; x_wconf 88' lang='lat' dir='ltr'><strong>ense</strong></span> <span class='ocrx_word' id='word_1_9' title='bbox 804 612 944 679; x_wconf 75' lang='lat' dir='ltr'><strong>abolevit</strong></span> 
     </span>
     <span class='ocr_line' id='line_1_3' title="bbox 236 705 929 795; baseline 0.009 -24"><span class='ocrx_word' id='word_1_10' title='bbox 236 705 432 792; x_wconf 82' lang='lat' dir='ltr'><strong>Ergnmenes</strong></span> <span class='ocrx_word' id='word_1_11' title='bbox 446 706 579 793; x_wconf 85' lang='lat' dir='ltr'><strong>sapiens,</strong></span> <span class='ocrx_word' id='word_1_12' title='bbox 594 708 710 774; x_wconf 91' lang='lat' dir='ltr'><strong>nobilis</strong></span> <span class='ocrx_word' id='word_1_13' title='bbox 724 708 929 795; x_wconf 82' lang='lat' dir='ltr'><strong>Ergumenes.</strong></span> 
     </span>
     <span class='ocr_line' id='line_1_4' title="bbox 194 804 1027 898; baseline 0.011 -29"><span class='ocrx_word' id='word_1_14' title='bbox 194 804 246 870; x_wconf 80' lang='lat' dir='ltr'><strong>Ex</strong></span> <span class='ocrx_word' id='word_1_15' title='bbox 260 805 315 872; x_wconf 93' lang='lat' dir='ltr'><strong>illo</strong></span> <span class='ocrx_word' id='word_1_16' title='bbox 330 806 524 893; x_wconf 87' lang='lat' dir='ltr'><strong>AEthiopum</strong></span> <span class='ocrx_word' id='word_1_17' title='bbox 538 807 577 872; x_wconf 85' lang='lat' dir='ltr'><strong>lit</strong></span> <span class='ocrx_word' id='word_1_18' title='bbox 590 818 732 895; x_wconf 86' lang='lat' dir='ltr'><strong>tempore</strong></span> <span class='ocrx_word' id='word_1_19' title='bbox 745 819 858 896; x_wconf 88' lang='lat' dir='ltr'><strong>peetus</strong></span> <span class='ocrx_word' id='word_1_20' title='bbox 871 821 1027 898; x_wconf 77' lang='lat' dir='ltr'><strong>opertum,</strong></span> 
     </span>
     <span class='ocr_line' id='line_1_5' title="bbox 237 905 908 993; baseline 0.009 -24"><span class='ocrx_word' id='word_1_21' title='bbox 237 905 458 991; x_wconf 77' lang='lat' dir='ltr'><strong>Humanusque</strong></span> <span class='ocrx_word' id='word_1_22' title='bbox 472 928 570 992; x_wconf 80' lang='lat' dir='ltr'><strong>espux</strong></span> <span class='ocrx_word' id='word_1_23' title='bbox 584 929 662 993; x_wconf 82' lang='lat' dir='ltr'><strong>gens</strong></span> <span class='ocrx_word' id='word_1_24' title='bbox 676 907 807 974; x_wconf 76' lang='lat' dir='ltr'><strong>rationis</strong></span> <span class='ocrx_word' id='word_1_25' title='bbox 821 919 908 975; x_wconf 81' lang='lat' dir='ltr'><strong>erat:</strong></span> 
     </span>
     <span class='ocr_line' id='line_1_6' title="bbox 192 1002 919 1091; baseline 0.008 -23"><span class='ocrx_word' id='word_1_26' title='bbox 192 1002 239 1069; x_wconf 83' lang='lat' dir='ltr'><strong>Et</strong></span> <span class='ocrx_word' id='word_1_27' title='bbox 253 1003 444 1088; x_wconf 77' lang='lat' dir='ltr'><strong>simulatque</strong></span> <span class='ocrx_word' id='word_1_28' title='bbox 458 1004 521 1070; x_wconf 88' lang='lat' dir='ltr'><strong>Dei</strong></span> <span class='ocrx_word' id='word_1_29' title='bbox 535 1005 634 1091; x_wconf 88' lang='lat' dir='ltr'><strong>ooepit</strong></span> <span class='ocrx_word' id='word_1_30' title='bbox 647 1006 790 1073; x_wconf 81' lang='lat' dir='ltr'><strong>doctrine</strong></span> <span class='ocrx_word' id='word_1_31' title='bbox 803 1007 919 1086; x_wconf 79' lang='lat' dir='ltr'><strong>doceri,</strong></span> 
     </span>
     <span class='ocr_line' id='line_1_7' title="bbox 235 1101 886 1193; baseline 0.003 -23"><span class='ocrx_word' id='word_1_32' title='bbox 235 1101 357 1170; x_wconf 81' lang='lat' dir='ltr'>Christi</span> <span class='ocrx_word' id='word_1_33' title='bbox 371 1125 443 1170; x_wconf 89' lang='lat' dir='ltr'><strong>eum</strong></span> <span class='ocrx_word' id='word_1_34' title='bbox 458 1104 567 1190; x_wconf 87' lang='lat' dir='ltr'><strong>primis</strong></span> <span class='ocrx_word' id='word_1_35' title='bbox 581 1104 615 1169; x_wconf 92' lang='lat' dir='ltr'><strong>bi</strong></span> <span class='ocrx_word' id='word_1_36' title='bbox 628 1105 752 1172; x_wconf 86' lang='lat' dir='ltr'><strong>subiere</strong></span> <span class='ocrx_word' id='word_1_37' title='bbox 761 1107 886 1193; x_wconf 65' lang='lat' dir='ltr'><strong>juguni</strong></span> 
     </span>
     <span class='ocr_line' id='line_1_8' title="bbox 193 1201 968 1291; baseline 0.01 -26"><span class='ocrx_word' id='word_1_38' title='bbox 193 1201 247 1266; x_wconf 84' lang='lat' dir='ltr'><strong>Ad</strong></span> <span class='ocrx_word' id='word_1_39' title='bbox 263 1201 393 1269; x_wconf 84' lang='lat' dir='ltr'><strong>Graeoos</strong></span> <span class='ocrx_word' id='word_1_40' title='bbox 407 1214 491 1269; x_wconf 83' lang='lat' dir='ltr'><strong>artes</strong></span> <span class='ocrx_word' id='word_1_41' title='bbox 504 1226 619 1270; x_wconf 84' lang='lat' dir='ltr'><strong>venere</strong></span> <span class='ocrx_word' id='word_1_42' title='bbox 633 1207 789 1290; x_wconf 74' lang='lat' dir='ltr'><strong>bonusque</strong></span> <span class='ocrx_word' id='word_1_43' title='bbox 803 1206 968 1291; x_wconf 73' lang='lat' dir='ltr'><strong>moleque,</strong></span> 
     </span>
     <span class='ocr_line' id='line_1_9' title="bbox 235 1301 951 1392; baseline 0.006 -26"><span class='ocrx_word' id='word_1_44' title='bbox 235 1301 327 1367; x_wconf 87' lang='lat' dir='ltr'><strong>Ante</strong></span> <span class='ocrx_word' id='word_1_45' title='bbox 341 1325 381 1368; x_wconf 85' lang='lat' dir='ltr'><strong>ex</strong></span> <span class='ocrx_word' id='word_1_46' title='bbox 396 1304 546 1390; x_wconf 86' lang='lat' dir='ltr'><strong>AEgypto</strong></span> <span class='ocrx_word' id='word_1_47' title='bbox 560 1326 656 1388; x_wconf 80' lang='lat' dir='ltr'><strong>quem</strong></span> <span class='ocrx_word' id='word_1_48' title='bbox 669 1302 734 1369; x_wconf 85' lang='lat' dir='ltr'><strong>suit</strong></span> <span class='ocrx_word' id='word_1_49' title='bbox 748 1305 951 1392; x_wconf 79' lang='lat' dir='ltr'><strong>Ergamenes.</strong></span> 
     </span>
     <span class='ocr_line' id='line_1_10' title="bbox 193 1397 993 1488; baseline 0.005 -24"><span class='ocrx_word' id='word_1_50' title='bbox 193 1397 269 1465; x_wconf 81' lang='lat' dir='ltr'><strong>Una</strong></span> <span class='ocrx_word' id='word_1_51' title='bbox 282 1401 451 1467; x_wconf 79' lang='lat' dir='ltr'><strong>sacerdotis</strong></span> <span class='ocrx_word' id='word_1_52' title='bbox 464 1424 544 1488; x_wconf 86' lang='lat' dir='ltr'><strong>gens</strong></span> <span class='ocrx_word' id='word_1_53' title='bbox 557 1424 680 1488; x_wconf 88' lang='lat' dir='ltr'><strong>semper</strong></span> <span class='ocrx_word' id='word_1_54' title='bbox 693 1401 830 1469; x_wconf 79' lang='lat' dir='ltr'><strong>habebas</strong></span> <span class='ocrx_word' id='word_1_55' title='bbox 843 1402 993 1470; x_wconf 78' lang='lat' dir='ltr'><strong>honorem</strong></span> 
     </span>
     <span class='ocr_line' id='line_1_11' title="bbox 234 1498 1226 1588; baseline 0.003 -25"><span class='ocrx_word' id='word_1_56' title='bbox 234 1498 397 1587; x_wconf 85' lang='lat' dir='ltr'><strong>AEgypto:</strong></span> <span class='ocrx_word' id='word_1_57' title='bbox 416 1498 541 1587; x_wconf 72' lang='lat' dir='ltr'><strong>sophie</strong></span> <span class='ocrx_word' id='word_1_58' title='bbox 554 1500 870 1588; x_wconf 75' lang='lat' dir='ltr'><strong>sanguisorigosuit</strong></span> <span class='ocrx_word' id='word_1_59' title='bbox 1163 1507 1226 1566; x_wconf 80' lang='lat'><strong>220</strong></span> 
     </span>
     <span class='ocr_line' id='line_1_12' title="bbox 191 1596 1227 1686; baseline 0.003 -25"><span class='ocrx_word' id='word_1_60' title='bbox 191 1596 294 1664; x_wconf 84' lang='lat' dir='ltr'><strong>Natos</strong></span> <span class='ocrx_word' id='word_1_61' title='bbox 309 1599 444 1684; x_wconf 89' lang='lat' dir='ltr'><strong>quisque</strong></span> <span class='ocrx_word' id='word_1_62' title='bbox 458 1622 516 1665; x_wconf 86' lang='lat' dir='ltr'><strong>sue</strong></span> <span class='ocrx_word' id='word_1_63' title='bbox 528 1609 620 1686; x_wconf 80' lang='lat' dir='ltr'><strong>peter</strong></span> <span class='ocrx_word' id='word_1_64' title='bbox 633 1598 969 1666; x_wconf 82' lang='lat' dir='ltr'><strong>instituebetinarte:</strong></span> <span class='ocrx_word' id='word_1_65' title='bbox 1225 1608 1227 1612; x_wconf 72' lang='lat'>‘</span> 
     </span>
     <span class='ocr_line' id='line_1_13' title="bbox 233 1696 882 1785; baseline 0.002 -24"><span class='ocrx_word' id='word_1_66' title='bbox 233 1696 359 1784; x_wconf 87' lang='lat' dir='ltr'><strong>Ingenii</strong></span> <span class='ocrx_word' id='word_1_67' title='bbox 374 1697 438 1763; x_wconf 85' lang='lat' dir='ltr'><strong>luit</strong></span> <span class='ocrx_word' id='word_1_68' title='bbox 450 1698 501 1764; x_wconf 92' lang='lat' dir='ltr'><strong>his</strong></span> <span class='ocrx_word' id='word_1_69' title='bbox 514 1721 579 1764; x_wconf 83' lang='lat' dir='ltr'><strong>uns</strong></span> <span class='ocrx_word' id='word_1_70' title='bbox 597 1697 749 1785; x_wconf 76' lang='lat' dir='ltr'><strong>magistra</strong></span> <span class='ocrx_word' id='word_1_71' title='bbox 761 1697 882 1763; x_wconf 91' lang='lat' dir='ltr'><strong>domus.</strong></span> 
     </span>
     <span class='ocr_line' id='line_1_14' title="bbox 192 1795 1083 1882; baseline -0.002 -19"><span class='ocrx_word' id='word_1_72' title='bbox 192 1795 255 1863; x_wconf 84' lang='lat' dir='ltr'><strong>Sed</strong></span> <span class='ocrx_word' id='word_1_73' title='bbox 269 1820 436 1864; x_wconf 84' lang='lat' dir='ltr'><strong>numerose</strong></span> <span class='ocrx_word' id='word_1_74' title='bbox 448 1798 579 1876; x_wconf 87' lang='lat' dir='ltr'><strong>domus3</strong></span> <span class='ocrx_word' id='word_1_75' title='bbox 601 1820 740 1882; x_wconf 84' lang='lat' dir='ltr'><strong>namque</strong></span> <span class='ocrx_word' id='word_1_76' title='bbox 754 1797 818 1864; x_wconf 94' lang='lat' dir='ltr'><strong>illis</strong></span> <span class='ocrx_word' id='word_1_77' title='bbox 832 1797 950 1863; x_wconf 81' lang='lat' dir='ltr'><strong>trudito</strong></span> <span class='ocrx_word' id='word_1_78' title='bbox 963 1795 1083 1863; x_wconf 77' lang='lat' dir='ltr'><strong>alendis</strong></span> 
     </span>
     <span class='ocr_line' id='line_1_15' title="bbox 232 1895 883 1985; baseline 0.003 -23"><span class='ocrx_word' id='word_1_79' title='bbox 232 1895 284 1961; x_wconf 80' lang='lat' dir='ltr'><strong>Ex</strong></span> <span class='ocrx_word' id='word_1_80' title='bbox 298 1897 401 1963; x_wconf 86' lang='lat' dir='ltr'><strong>tribus</strong></span> <span class='ocrx_word' id='word_1_81' title='bbox 412 1897 555 1985; x_wconf 84' lang='lat' dir='ltr'><strong>AEgypti</strong></span> <span class='ocrx_word' id='word_1_82' title='bbox 568 1898 712 1984; x_wconf 77' lang='lat' dir='ltr'><strong>pertibus</strong></span> <span class='ocrx_word' id='word_1_83' title='bbox 725 1920 789 1963; x_wconf 83' lang='lat' dir='ltr'><strong>uns</strong></span> <span class='ocrx_word' id='word_1_84' title='bbox 802 1897 883 1964; x_wconf 78' lang='lat' dir='ltr'><strong>linit:</strong></span> 
     </span>
     <span class='ocr_line' id='line_1_16' title="bbox 189 1993 969 2083; baseline 0.001 -24"><span class='ocrx_word' id='word_1_85' title='bbox 189 1993 358 2080; x_wconf 81' lang='lat' dir='ltr'><strong>Dootsque</strong></span> <span class='ocrx_word' id='word_1_86' title='bbox 371 1996 534 2063; x_wconf 76' lang='lat' dir='ltr'><strong>stillabant</strong></span> <span class='ocrx_word' id='word_1_87' title='bbox 547 1996 714 2083; x_wconf 81' lang='lat' dir='ltr'><strong>praeeeptis</strong></span> <span class='ocrx_word' id='word_1_88' title='bbox 724 2019 780 2062; x_wconf 84' lang='lat' dir='ltr'><strong>ors</strong></span> <span class='ocrx_word' id='word_1_89' title='bbox 792 1993 969 2082; x_wconf 83' lang='lat' dir='ltr'><strong>profundis,</strong></span> 
     </span>
     <span class='ocr_line' id='line_1_17' title="bbox 233 2093 932 2183; baseline 0.003 -24"><span class='ocrx_word' id='word_1_90' title='bbox 233 2093 316 2176; x_wconf 82' lang='lat' dir='ltr'><strong>Quoe</strong></span> <span class='ocrx_word' id='word_1_91' title='bbox 330 2095 441 2162; x_wconf 89' lang='lat' dir='ltr'><strong>sitiens</strong></span> <span class='ocrx_word' id='word_1_92' title='bbox 453 2095 560 2162; x_wconf 78' lang='lat' dir='ltr'><strong>hausit</strong></span> <span class='ocrx_word' id='word_1_93' title='bbox 574 2096 704 2162; x_wconf 78' lang='lat' dir='ltr'><strong>Grreeus</strong></span> <span class='ocrx_word' id='word_1_94' title='bbox 719 2105 753 2162; x_wconf 89' lang='lat' dir='ltr'><strong>et</strong></span> <span class='ocrx_word' id='word_1_95' title='bbox 766 2094 932 2183; x_wconf 83' lang='lat' dir='ltr'><strong>Assyrius.</strong></span> 
     </span>
     <span class='ocr_line' id='line_1_18' title="bbox 191 2192 957 2272; baseline 0.004 -15"><span class='ocrx_word' id='word_1_96' title='bbox 191 2192 264 2260; x_wconf 85' lang='lat' dir='ltr'><strong>Mos</strong></span> <span class='ocrx_word' id='word_1_97' title='bbox 278 2204 347 2260; x_wconf 80' lang='lat' dir='ltr'><strong>eret</strong></span> <span class='ocrx_word' id='word_1_98' title='bbox 360 2217 443 2260; x_wconf 90' lang='lat' dir='ltr'><strong>nnus</strong></span> <span class='ocrx_word' id='word_1_99' title='bbox 457 2195 503 2262; x_wconf 87' lang='lat' dir='ltr'><strong>eis</strong></span> <span class='ocrx_word' id='word_1_100' title='bbox 515 2196 555 2261; x_wconf 80' lang='lat' dir='ltr'><strong>ad</strong></span> <span class='ocrx_word' id='word_1_101' title='bbox 569 2195 672 2262; x_wconf 84' lang='lat' dir='ltr'><strong>sidere</strong></span> <span class='ocrx_word' id='word_1_102' title='bbox 685 2195 779 2262; x_wconf 84' lang='lat' dir='ltr'><strong>lsude</strong></span> <span class='ocrx_word' id='word_1_103' title='bbox 799 2195 957 2272; x_wconf 83' lang='lat' dir='ltr'><strong>ferendus,</strong></span> 
     </span>
     <span class='ocr_line' id='line_1_19' title="bbox 232 2292 966 2381; baseline 0.003 -24"><span class='ocrx_word' id='word_1_104' title='bbox 232 2292 364 2381; x_wconf 84' lang='lat' dir='ltr'>Nempe,</span> <span class='ocrx_word' id='word_1_105' title='bbox 378 2293 413 2359; x_wconf 93' lang='lat' dir='ltr'><strong>in</strong></span> <span class='ocrx_word' id='word_1_106' title='bbox 422 2294 552 2381; x_wconf 82' lang='lat' dir='ltr'><strong>judiciis</strong></span> <span class='ocrx_word' id='word_1_107' title='bbox 566 2317 662 2381; x_wconf 88' lang='lat' dir='ltr'><strong>quem</strong></span> <span class='ocrx_word' id='word_1_108' title='bbox 676 2305 808 2361; x_wconf 86' lang='lat' dir='ltr'><strong>tenuere</strong></span> <span class='ocrx_word' id='word_1_109' title='bbox 828 2294 966 2360; x_wconf 72' lang='lat' dir='ltr'><strong>modum.</strong></span> 
     </span>
     <span class='ocr_line' id='line_1_20' title="bbox 190 2389 986 2480; baseline 0.005 -26"><span class='ocrx_word' id='word_1_110' title='bbox 190 2389 305 2458; x_wconf 89' lang='lat' dir='ltr'><strong>Nullus</strong></span> <span class='ocrx_word' id='word_1_111' title='bbox 319 2403 389 2458; x_wconf 80' lang='lat' dir='ltr'><strong>eret</strong></span> <span class='ocrx_word' id='word_1_112' title='bbox 402 2393 563 2480; x_wconf 86' lang='lat' dir='ltr'><strong>strepitus,</strong></span> <span class='ocrx_word' id='word_1_113' title='bbox 578 2416 637 2460; x_wconf 89' lang='lat' dir='ltr'><strong>nee</strong></span> <span class='ocrx_word' id='word_1_114' title='bbox 650 2417 715 2460; x_wconf 85' lang='lat' dir='ltr'><strong>vox</strong></span> <span class='ocrx_word' id='word_1_115' title='bbox 729 2393 838 2459; x_wconf 75' lang='lat' dir='ltr'><strong>audito</strong></span> <span class='ocrx_word' id='word_1_116' title='bbox 851 2392 986 2470; x_wconf 76' lang='lat' dir='ltr'><strong>clientis,</strong></span> 
     </span>
     <span class='ocr_line' id='line_1_21' title="bbox 230 2488 1223 2577; baseline -0.001 -23"><span class='ocrx_word' id='word_1_117' title='bbox 230 2488 381 2558; x_wconf 79' lang='lat' dir='ltr'><strong>Patronis</strong></span> <span class='ocrx_word' id='word_1_118' title='bbox 395 2492 502 2558; x_wconf 90' lang='lat' dir='ltr'><strong>nullus</strong></span> <span class='ocrx_word' id='word_1_119' title='bbox 516 2491 745 2577; x_wconf 85' lang='lat' dir='ltr'><strong>osusidieisque</strong></span> <span class='ocrx_word' id='word_1_120' title='bbox 758 2492 857 2558; x_wconf 90' lang='lat' dir='ltr'><strong>loeus.</strong></span> <span class='ocrx_word' id='word_1_121' title='bbox 1159 2493 1223 2554; x_wconf 81' lang='lat'><strong>230</strong></span> 
     </span>
     <span class='ocr_line' id='line_1_22' title="bbox 187 2588 937 2677; baseline 0.004 -25"><span class='ocrx_word' id='word_1_122' title='bbox 187 2588 222 2652; x_wconf 90' lang='lat' dir='ltr'>N</span> <span class='ocrx_word' id='word_1_123' title='bbox 223 2612 274 2654; x_wconf 85' lang='lat' dir='ltr'><strong>em</strong></span> <span class='ocrx_word' id='word_1_124' title='bbox 287 2591 422 2677; x_wconf 73' lang='lat' dir='ltr'><strong>triginta</strong></span> <span class='ocrx_word' id='word_1_125' title='bbox 434 2589 495 2657; x_wconf 86' lang='lat' dir='ltr'><strong>viri</strong></span> <span class='ocrx_word' id='word_1_126' title='bbox 504 2591 559 2676; x_wconf 87' lang='lat' dir='ltr'><strong>jus</strong></span> <span class='ocrx_word' id='word_1_127' title='bbox 573 2590 763 2677; x_wconf 86' lang='lat' dir='ltr'><strong>eognitionis</strong></span> <span class='ocrx_word' id='word_1_128' title='bbox 777 2590 937 2656; x_wconf 76' lang='lat' dir='ltr'><strong>habebant</strong></span> 
     </span>
     <span class='ocr_line' id='line_1_23' title="bbox 230 2687 919 2776; baseline 0 -24"><span class='ocrx_word' id='word_1_129' title='bbox 230 2687 280 2754; x_wconf 87' lang='lat' dir='ltr'><strong>De</strong></span> <span class='ocrx_word' id='word_1_130' title='bbox 294 2711 338 2767; x_wconf 87' lang='lat' dir='ltr'><strong>re,</strong></span> <span class='ocrx_word' id='word_1_131' title='bbox 355 2712 427 2775; x_wconf 84' lang='lat' dir='ltr'><strong>quae</strong></span> <span class='ocrx_word' id='word_1_132' title='bbox 442 2689 583 2756; x_wconf 90' lang='lat' dir='ltr'><strong>nondum</strong></span> <span class='ocrx_word' id='word_1_133' title='bbox 597 2691 670 2776; x_wconf 83' lang='lat' dir='ltr'><strong>euje</strong></span> <span class='ocrx_word' id='word_1_134' title='bbox 683 2689 827 2775; x_wconf 86' lang='lat' dir='ltr'><strong>liquebat</strong></span> <span class='ocrx_word' id='word_1_135' title='bbox 841 2697 919 2754; x_wconf 81' lang='lat' dir='ltr'><strong>erat.</strong></span> 
     </span>
     <span class='ocr_line' id='line_1_24' title="bbox 188 2785 995 2874; baseline -0.006 -20"><span class='ocrx_word' id='word_1_136' title='bbox 188 2785 376 2874; x_wconf 85' lang='lat' dir='ltr'><strong>Conspienis</strong></span> <span class='ocrx_word' id='word_1_137' title='bbox 390 2789 522 2856; x_wconf 83' lang='lat' dir='ltr'><strong>totidem</strong></span> <span class='ocrx_word' id='word_1_138' title='bbox 537 2789 651 2855; x_wconf 86' lang='lat' dir='ltr'><strong>deleeti</strong></span> <span class='ocrx_word' id='word_1_139' title='bbox 666 2811 707 2855; x_wconf 93' lang='lat' dir='ltr'><strong>ex</strong></span> <span class='ocrx_word' id='word_1_140' title='bbox 721 2788 855 2854; x_wconf 80' lang='lat' dir='ltr'><strong>urbibus</strong></span> <span class='ocrx_word' id='word_1_141' title='bbox 868 2808 995 2852; x_wconf 88' lang='lat' dir='ltr'><strong>omnes:</strong></span> 
     </span>
     <span class='ocr_line' id='line_1_25' title="bbox 230 2886 879 2975; baseline -0.003 -23"><span class='ocrx_word' id='word_1_142' title='bbox 230 2886 326 2953; x_wconf 89' lang='lat' dir='ltr'><strong>Unus</strong></span> <span class='ocrx_word' id='word_1_143' title='bbox 340 2897 373 2954; x_wconf 87' lang='lat' dir='ltr'><strong>et</strong></span> <span class='ocrx_word' id='word_1_144' title='bbox 387 2888 537 2975; x_wconf 79' lang='lat' dir='ltr'><strong>adjectus,</strong></span> <span class='ocrx_word' id='word_1_145' title='bbox 553 2886 703 2953; x_wconf 83' lang='lat' dir='ltr'><strong>Praesidis</strong></span> <span class='ocrx_word' id='word_1_146' title='bbox 718 2909 785 2953; x_wconf 87' lang='lat' dir='ltr'><strong>esse</strong></span> <span class='ocrx_word' id='word_1_147' title='bbox 799 2886 879 2951; x_wconf 87' lang='lat' dir='ltr'><strong>loeo.</strong></span> 
     </span>
     <span class='ocr_line' id='line_1_26' title="bbox 185 2984 944 3074; baseline -0.001 -24"><span class='ocrx_word' id='word_1_148' title='bbox 185 2985 384 3053; x_wconf 89' lang='lat' dir='ltr'><strong>Distinctum</strong></span> <span class='ocrx_word' id='word_1_149' title='bbox 397 2986 531 3074; x_wconf 86' lang='lat' dir='ltr'><strong>gemmis</strong></span> <span class='ocrx_word' id='word_1_150' title='bbox 546 2986 669 3052; x_wconf 83' lang='lat' dir='ltr'><strong>Prseses</strong></span> <span class='ocrx_word' id='word_1_151' title='bbox 683 2985 798 3052; x_wconf 84' lang='lat' dir='ltr'><strong>eollnrs</strong></span> <span class='ocrx_word' id='word_1_152' title='bbox 812 2984 944 3059; x_wconf 78' lang='lat' dir='ltr'><strong>serebat,</strong></span> 
     </span>
     <span class='ocr_line' id='line_1_27' title="bbox 229 3083 913 3168; baseline -0.007 -16"><span class='ocrx_word' id='word_1_153' title='bbox 229 3085 326 3168; x_wconf 87' lang='lat' dir='ltr'><strong>Quod</strong></span> <span class='ocrx_word' id='word_1_154' title='bbox 339 3084 395 3151; x_wconf 82' lang='lat' dir='ltr'><strong>vix</strong></span> <span class='ocrx_word' id='word_1_155' title='bbox 409 3084 551 3152; x_wconf 81' lang='lat' dir='ltr'><strong>credibili</strong></span> <span class='ocrx_word' id='word_1_156' title='bbox 565 3085 636 3151; x_wconf 84' lang='lat' dir='ltr'><strong>lues</strong></span> <span class='ocrx_word' id='word_1_157' title='bbox 650 3084 781 3151; x_wconf 82' lang='lat' dir='ltr'><strong>miessse</strong></span> <span class='ocrx_word' id='word_1_158' title='bbox 795 3083 913 3150; x_wconf 83' lang='lat' dir='ltr'><strong>serunt</strong></span> 
     </span>
     <span class='ocr_line' id='line_1_28' title="bbox 184 3181 1036 3271; baseline -0.006 -20"><span class='ocrx_word' id='word_1_159' title='bbox 184 3185 283 3271; x_wconf 85' lang='lat' dir='ltr'><strong>Ergo,</strong></span> <span class='ocrx_word' id='word_1_160' title='bbox 299 3184 402 3251; x_wconf 91' lang='lat' dir='ltr'><strong>Index</strong></span> <span class='ocrx_word' id='word_1_161' title='bbox 416 3183 507 3262; x_wconf 85' lang='lat' dir='ltr'><strong>Veri,</strong></span> <span class='ocrx_word' id='word_1_162' title='bbox 531 3186 603 3250; x_wconf 79' lang='lat' dir='ltr'><strong>Veri</strong></span> <span class='ocrx_word' id='word_1_163' title='bbox 617 3206 746 3269; x_wconf 91' lang='lat' dir='ltr'><strong>quoque</strong></span> <span class='ocrx_word' id='word_1_164' title='bbox 760 3205 876 3249; x_wconf 86' lang='lat' dir='ltr'><strong>nomen</strong></span> <span class='ocrx_word' id='word_1_165' title='bbox 889 3181 1036 3256; x_wconf 83' lang='lat' dir='ltr'><strong>bebebet,</strong></span> 
     </span>
     <span class='ocr_line' id='line_1_29' title="bbox 226 3282 914 3368; baseline -0.007 -18"><span class='ocrx_word' id='word_1_166' title='bbox 226 3283 364 3350; x_wconf 75' lang='lat' dir='ltr'><strong>thriei</strong></span> <span class='ocrx_word' id='word_1_167' title='bbox 378 3305 481 3350; x_wconf 81' lang='lat' dir='ltr'><strong>ceusae</strong></span> <span class='ocrx_word' id='word_1_168' title='bbox 495 3306 610 3349; x_wconf 86' lang='lat' dir='ltr'><strong>nomen</strong></span> <span class='ocrx_word' id='word_1_169' title='bbox 624 3283 744 3368; x_wconf 91' lang='lat' dir='ltr'><strong>ubique</strong></span> <span class='ocrx_word' id='word_1_170' title='bbox 759 3282 878 3348; x_wconf 80' lang='lat' dir='ltr'><strong>dutum.</strong></span> <span class='ocrx_word' id='word_1_171' title='bbox 912 3340 914 3345; x_wconf 28' lang='lat' dir='ltr'>s</span> 
     </span>
     <span class='ocr_line' id='line_1_30' title="bbox 185 3379 964 3470; baseline -0.004 -23"><span class='ocrx_word' id='word_1_172' title='bbox 185 3383 271 3449; x_wconf 93' lang='lat' dir='ltr'><strong>Illud</strong></span> <span class='ocrx_word' id='word_1_173' title='bbox 285 3382 370 3449; x_wconf 89' lang='lat' dir='ltr'><strong>enim</strong></span> <span class='ocrx_word' id='word_1_174' title='bbox 384 3381 508 3448; x_wconf 86' lang='lat' dir='ltr'><strong>Praeses</strong></span> <span class='ocrx_word' id='word_1_175' title='bbox 522 3405 596 3448; x_wconf 89' lang='lat' dir='ltr'><strong>eum</strong></span> <span class='ocrx_word' id='word_1_176' title='bbox 610 3382 736 3470; x_wconf 89' lang='lat' dir='ltr'><strong>seriptis</strong></span> <span class='ocrx_word' id='word_1_177' title='bbox 751 3379 964 3467; x_wconf 84' lang='lat' dir='ltr'><strong>applicuisset,</strong></span> 
     </span>
     <span class='ocr_line' id='line_1_31' title="bbox 226 3475 1219 3568; baseline -0.015 -19"><span class='ocrx_word' id='word_1_178' title='bbox 226 3481 465 3549; x_wconf 81' lang='lat' dir='ltr'><strong>Versensulsa</strong></span> <span class='ocrx_word' id='word_1_179' title='bbox 478 3480 616 3568; x_wconf 84' lang='lat' dir='ltr'><strong>(legens)</strong></span> <span class='ocrx_word' id='word_1_180' title='bbox 630 3478 879 3565; x_wconf 78' lang='lat' dir='ltr'><strong>sinteuseripte</strong></span> <span class='ocrx_word' id='word_1_181' title='bbox 892 3475 988 3542; x_wconf 82' lang='lat' dir='ltr'><strong>videt</strong></span> <span class='ocrx_word' id='word_1_182' title='bbox 1155 3475 1219 3535; x_wconf 80' lang='lat'><strong>240</strong></span> 
     </span>
     <span class='ocr_line' id='line_1_32' title="bbox 182 3570 1069 3667; baseline -0.011 -20"><span class='ocrx_word' id='word_1_183' title='bbox 182 3580 272 3667; x_wconf 82' lang='lat' dir='ltr'><strong>Ergo</strong></span> <span class='ocrx_word' id='word_1_184' title='bbox 287 3604 376 3647; x_wconf 85' lang='lat' dir='ltr'><strong>susm</strong></span> <span class='ocrx_word' id='word_1_185' title='bbox 390 3580 573 3665; x_wconf 85' lang='lat' dir='ltr'><strong>quicunque</strong></span> <span class='ocrx_word' id='word_1_186' title='bbox 587 3580 670 3666; x_wconf 88' lang='lat' dir='ltr'><strong>petit</strong></span> <span class='ocrx_word' id='word_1_187' title='bbox 683 3601 749 3644; x_wconf 90' lang='lat' dir='ltr'><strong>rem</strong></span> <span class='ocrx_word' id='word_1_188' title='bbox 764 3599 861 3662; x_wconf 79' lang='lat' dir='ltr'><strong>quam</strong></span> <span class='ocrx_word' id='word_1_189' title='bbox 876 3583 965 3641; x_wconf 86' lang='lat' dir='ltr'><strong>tenet</strong></span> <span class='ocrx_word' id='word_1_190' title='bbox 979 3570 1069 3649; x_wconf 80' lang='lat' dir='ltr'><strong>ulter,</strong></span> 
     </span>
     <span class='ocr_line' id='line_1_33' title="bbox 224 3675 815 3767; baseline -0.003 -22"><span class='ocrx_word' id='word_1_191' title='bbox 224 3679 271 3745; x_wconf 83' lang='lat' dir='ltr'><strong>Et</strong></span> <span class='ocrx_word' id='word_1_192' title='bbox 284 3680 388 3767; x_wconf 80' lang='lat' dir='ltr'><strong>patrie</strong></span> <span class='ocrx_word' id='word_1_193' title='bbox 400 3679 472 3765; x_wconf 85' lang='lat' dir='ltr'><strong>lege</strong></span> <span class='ocrx_word' id='word_1_194' title='bbox 485 3689 524 3744; x_wconf 93' lang='lat' dir='ltr'><strong>ut</strong></span> <span class='ocrx_word' id='word_1_195' title='bbox 537 3679 724 3744; x_wconf 86' lang='lat' dir='ltr'><strong>restituetur</strong></span> <span class='ocrx_word' id='word_1_196' title='bbox 738 3675 815 3763; x_wconf 75' lang='lat' dir='ltr'><strong>agit,</strong></span> 
     </span>
    </p>
   </div>
   <div class='ocr_carea' id='block_1_3' title="bbox 181 3769 1113 4439">
    <p class='ocr_par' dir='ltr' id='par_1_3' title="bbox 181 3769 1113 4439">
     <span class='ocr_line' id='line_1_34' title="bbox 183 3769 1069 3866; baseline -0.014 -20"><span class='ocrx_word' id='word_1_197' title='bbox 183 3780 218 3846; x_wconf 92' lang='lat' dir='ltr'><strong>Is</strong></span> <span class='ocrx_word' id='word_1_198' title='bbox 232 3780 310 3866; x_wconf 91' lang='lat' dir='ltr'><strong>quid</strong></span> <span class='ocrx_word' id='word_1_199' title='bbox 324 3780 367 3846; x_wconf 91' lang='lat' dir='ltr'><strong>sit</strong></span> <span class='ocrx_word' id='word_1_200' title='bbox 380 3778 510 3856; x_wconf 76' lang='lat' dir='ltr'><strong>foetum,</strong></span> <span class='ocrx_word' id='word_1_201' title='bbox 526 3800 591 3863; x_wconf 89' lang='lat' dir='ltr'><strong>quo</strong></span> <span class='ocrx_word' id='word_1_202' title='bbox 604 3788 698 3865; x_wconf 83' lang='lat' dir='ltr'><strong>paeto</strong></span> <span class='ocrx_word' id='word_1_203' title='bbox 712 3787 745 3843; x_wconf 87' lang='lat' dir='ltr'><strong>et</strong></span> <span class='ocrx_word' id='word_1_204' title='bbox 759 3773 896 3861; x_wconf 76' lang='lat' dir='ltr'><strong>quondo,</strong></span> <span class='ocrx_word' id='word_1_205' title='bbox 911 3769 1069 3855; x_wconf 87' lang='lat' dir='ltr'><strong>simulque</strong></span> 
     </span>
     <span class='ocr_line' id='line_1_35' title="bbox 226 3876 977 3962; baseline -0.011 -17"><span class='ocrx_word' id='word_1_206' title='bbox 226 3879 314 3962; x_wconf 87' lang='lat' dir='ltr'><strong>Quid</strong></span> <span class='ocrx_word' id='word_1_207' title='bbox 327 3889 426 3945; x_wconf 85' lang='lat' dir='ltr'><strong>testes</strong></span> <span class='ocrx_word' id='word_1_208' title='bbox 439 3877 556 3955; x_wconf 75' lang='lat' dir='ltr'><strong>disant,</strong></span> <span class='ocrx_word' id='word_1_209' title='bbox 571 3877 648 3962; x_wconf 91' lang='lat' dir='ltr'><strong>quid</strong></span> <span class='ocrx_word' id='word_1_210' title='bbox 662 3876 784 3943; x_wconf 82' lang='lat' dir='ltr'><strong>ratione</strong></span> <span class='ocrx_word' id='word_1_211' title='bbox 798 3885 904 3940; x_wconf 84' lang='lat' dir='ltr'><strong>ratum</strong></span> <span class='ocrx_word' id='word_1_212' title='bbox 918 3881 977 3948; x_wconf 85' lang='lat' dir='ltr'><strong>est,</strong></span> 
     </span>
     <span class='ocr_line' id='line_1_36' title="bbox 181 3973 958 4062; baseline -0.01 -17"><span class='ocrx_word' id='word_1_213' title='bbox 181 3980 228 4047; x_wconf 87' lang='lat' dir='ltr'><strong>Et</strong></span> <span class='ocrx_word' id='word_1_214' title='bbox 241 3979 431 4045; x_wconf 81' lang='lat' dir='ltr'><strong>documento</strong></span> <span class='ocrx_word' id='word_1_215' title='bbox 445 3976 597 4062; x_wconf 88' lang='lat' dir='ltr'><strong>suijuris,</strong></span> <span class='ocrx_word' id='word_1_216' title='bbox 612 3976 695 4043; x_wconf 87' lang='lat' dir='ltr'><strong>serre</strong></span> <span class='ocrx_word' id='word_1_217' title='bbox 710 3973 816 4041; x_wconf 83' lang='lat' dir='ltr'><strong>omniu</strong></span> <span class='ocrx_word' id='word_1_218' title='bbox 829 3973 958 4058; x_wconf 87' lang='lat' dir='ltr'><strong>seripto,</strong></span> 
     </span>
     <span class='ocr_line' id='line_1_37' title="bbox 224 4073 850 4164; baseline -0.011 -20"><span class='ocrx_word' id='word_1_219' title='bbox 224 4080 270 4145; x_wconf 88' lang='lat' dir='ltr'><strong>Et</strong></span> <span class='ocrx_word' id='word_1_220' title='bbox 284 4103 347 4146; x_wconf 92' lang='lat' dir='ltr'><strong>non</strong></span> <span class='ocrx_word' id='word_1_221' title='bbox 362 4077 521 4164; x_wconf 81' lang='lat' dir='ltr'><strong>ambiguo,</strong></span> <span class='ocrx_word' id='word_1_222' title='bbox 537 4076 648 4143; x_wconf 88' lang='lat' dir='ltr'><strong>debuit</strong></span> <span class='ocrx_word' id='word_1_223' title='bbox 662 4076 748 4142; x_wconf 88' lang='lat' dir='ltr'><strong>hisee</strong></span> <span class='ocrx_word' id='word_1_224' title='bbox 762 4073 850 4140; x_wconf 87' lang='lat' dir='ltr'><strong>viris.</strong></span> 
     </span>
     <span class='ocr_line' id='line_1_38' title="bbox 181 4171 1016 4264; baseline -0.014 -19"><span class='ocrx_word' id='word_1_225' title='bbox 181 4178 293 4264; x_wconf 91' lang='lat' dir='ltr'><strong>Hique</strong></span> <span class='ocrx_word' id='word_1_226' title='bbox 307 4178 419 4264; x_wconf 83' lang='lat' dir='ltr'><strong>legunt</strong></span> <span class='ocrx_word' id='word_1_227' title='bbox 434 4197 550 4253; x_wconf 87' lang='lat' dir='ltr'><strong>seeum,</strong></span> <span class='ocrx_word' id='word_1_228' title='bbox 566 4198 632 4260; x_wconf 91' lang='lat' dir='ltr'><strong>quo</strong></span> <span class='ocrx_word' id='word_1_229' title='bbox 646 4174 718 4240; x_wconf 89' lang='lat' dir='ltr'><strong>vult</strong></span> <span class='ocrx_word' id='word_1_230' title='bbox 731 4171 868 4260; x_wconf 86' lang='lat' dir='ltr'><strong>petitore</strong></span> <span class='ocrx_word' id='word_1_231' title='bbox 881 4171 1016 4243; x_wconf 80' lang='lat' dir='ltr'><strong>bennte3</strong></span> 
     </span>
     <span class='ocr_line' id='line_1_39' title="bbox 224 4269 981 4363; baseline -0.015 -20"><span class='ocrx_word' id='word_1_232' title='bbox 224 4278 343 4345; x_wconf 85' lang='lat' dir='ltr'><strong>Nullus</strong></span> <span class='ocrx_word' id='word_1_233' title='bbox 357 4300 421 4343; x_wconf 93' lang='lat' dir='ltr'><strong>non</strong></span> <span class='ocrx_word' id='word_1_234' title='bbox 436 4274 545 4360; x_wconf 86' lang='lat' dir='ltr'><strong>scripti</strong></span> <span class='ocrx_word' id='word_1_235' title='bbox 560 4274 699 4363; x_wconf 84' lang='lat' dir='ltr'><strong>pensitat</strong></span> <span class='ocrx_word' id='word_1_236' title='bbox 712 4293 837 4340; x_wconf 87' lang='lat' dir='ltr'><strong>omnem</strong></span> <span class='ocrx_word' id='word_1_237' title='bbox 852 4269 981 4359; x_wconf 84' lang='lat' dir='ltr'><strong>epioem.</strong></span> 
     </span>
     <span class='ocr_line' id='line_1_40' title="bbox 1018 4386 1113 4439; baseline -0.053 0"><span class='ocrx_word' id='word_1_238' title='bbox 1018 4388 1044 4439; x_wconf 78' lang='lat' dir='ltr'><strong>A</strong></span> <span class='ocrx_word' id='word_1_239' title='bbox 1056 4386 1080 4437; x_wconf 81' lang='lat' dir='ltr'>A</span> <span class='ocrx_word' id='word_1_240' title='bbox 1099 4391 1113 4434; x_wconf 73' lang='lat'><em>2</em></span> 
     </span>
    </p>
   </div>
   <div class='ocr_carea' id='block_1_4' title="bbox 0 0 1470 5054">
    <p class='ocr_par' dir='ltr' id='par_1_4' title="bbox 0 0 1470 5054">
     <span class='ocr_line' id='line_1_41' title="bbox 0 0 1470 5054; baseline 0 4"><span class='ocrx_word' id='word_1_241' title='bbox 0 0 1470 5054; x_wconf 95' lang='lat' dir='ltr'><strong> </strong></span> 
     </span>
    </p>
   </div>
  </div>
 </body>
</html>
