2932 5054
414 442 656 496 rancrarus
677 442 864 497 cericus.
1085 430 1158 496 243

113 605 367 704 profunditate
401 608 696 706 perpendiculari
731 607 817 683 ΒΗ.
877 607 951 683 Sed
984 610 1158 705 quoniam
1192 638 1275 680 naor.
1289 636 1355 677 xrrr.

114 720 262 793 densius
279 719 455 793 statuitur
480 721 641 794 medium
668 720 765 794 infra
789 720 940 818 planum
964 745 1074 818 quarn
1099 747 1159 796 su·
1198 708 1340 742 ψ

112 856 193 929 pra,
212 833 261 906 sit
277 833 487 906 immersum
501 847 679 930 punctum
699 834 728 906 B
743 832 995 930 profunditate
1014 847 1160 909 tautum

112 946 174 1019 ΕΙ.
227 946 294 1019 Est
320 947 434 1042 igitur
460 948 558 1020 linea
585 947 678 1020 lucis
702 947 780 1042 jam
798 946 858 1019 ΟΕ
884 946 984 1021 facta
1010 948 1160 1044 aequalis

111 1072 222 1133 recta
240 1059 306 1132 AB
322 1085 331 1131 ι
359 1074 395 1132 et
423 1059 534 1134 ducta
552 1059 619 1132 Kc
634 1058 930 1155 perpendiculari
958 1059 1006 1133 ad
1031 1060 1104 1150 ΟΕ,
1123 1073 1161 1135 et

111 1171 174 1244 ΕΟ
191 1171 239 1244 ad
258 1171 332 1259 ΟΒ,
358 1173 429 1245 erit
446 1172 603 1268 angulus
620 1171 802 1245 refractus
821 1171 929 1261 ΚΟΕ,
955 1172 1015 1246 cui
1034 1187 1159 1247 osten-

112 1308 173 1357 sus
191 1285 300 1358 estin
316 1285 549 1380 praecedente
567 1285 716 1381 aequalis
739 1285 832 1358 ΕΟΙ.
883 1286 949 1359 Est
977 1310 1065 1383 ergo
1094 1310 1160 1359 an—

112 1397 189 1493 guli
215 1397 364 1471 refracti
387 1399 426 1470 in
444 1398 557 1471 denso
584 1398 685 1471 sinus
706 1398 768 1471 ΕΙ.
820 1398 869 1471 Et
886 1399 973 1493 quia
1002 1399 1160 1494 angulus

112 1509 210 1584 ABC
230 1510 380 1607 aequalis
398 1523 453 1585 est
470 1510 606 1606 angulo
624 1510 885 1601 inclinationis
903 1522 947 1584 ut
971 1523 1161 1586 ostensum

113 1637 169 1696 est
194 1622 235 1696 iu
257 1623 504 1718 praecedente,
523 1634 562 1697 et
587 1623 673 1697 huic
699 1623 848 1719 aeqnalis
873 1634 930 1697 est
947 1623 1064 1697 BCD:
1090 1627 1161 1699 erit

113 1747 216 1810 recta
233 1735 320 1825 DH,
338 1735 450 1809 ducta
466 1735 781 1833 perpendicularis
804 1736 853 1809 ad
872 1736 949 1825 CB,
966 1737 1068 1811 sinus
1095 1761 1160 1811 an·

113 1850 190 1946 guli
219 1847 481 1923 inclinationis.
533 1851 581 1924 Et
608 1851 721 1924 habet
744 1849 817 1922 DH
836 1850 883 1923 ad
899 1850 949 1923 ΕΙ
978 1850 1161 1924 rationem

114 1986 194 2036 eam
213 1987 322 2060 quam
340 1963 494 2060 requirit
522 1986 666 2060 semper
690 1961 845 2036 eandem
865 1962 1067 2037 eorundem
1085 1987 1161 2036 me·
1207 1987 1209 1991 ⁴

113 2076 260 2149 diorum
285 2075 487 2149 diversitas.
541 2077 799 2173 Supponamus
812 2077 890 2172 jarn
907 2076 1068 2150 medium
1086 2077 1162 2172 pri-

112 2213 215 2262 mum
232 2213 309 2263 esse
327 2189 476 2262 densius
501 2189 677 2278 secundo,
700 2190 821 2286 sitque
849 2189 1040 2263 inclinatio
1065 2188 1161 2262 radii

113 2302 179 2376 AC
196 2301 323 2375 eadem
342 2326 423 2397 quae
441 2315 538 2376 ante.
587 2302 672 2377 Quo
690 2315 856 2400 tempore
875 2326 963 2399 ergo
981 2313 1161 2399 punctum

114 2417 149 2489 A
164 2416 275 2489 estin
293 2417 484 2513 superficie
502 2415 614 2489 medii
632 2416 706 2488 rari
723 2416 770 2490 ad
789 2416 832 2508 C,
848 2417 917 2489 erit
935 2416 1159 2513 punctumB

113 2529 325 2602 immersum
351 2529 389 2602 in
415 2553 499 2602 raro
531 2528 782 2624 profunditate
809 2530 870 2602 ΟΕ
887 2532 1024 2626 majore
1050 2552 1160 2625 quam

115 2654 170 2715 est
187 2641 260 2714 DH
277 2670 286 2714 ι
314 2642 452 2715 scilicet
469 2666 537 2738 pro
554 2643 699 2716 ratione
717 2642 933 2731 mediorum,
951 2666 1060 2738 quam
1077 2665 1159 2736 sup-

114 2755 302 2851 posuimus
320 2778 399 2828 esse
413 2770 454 2829 ut
471 2755 544 2828 DH
565 2755 613 2828 ad
630 2756 693 2828 ΕΙ.
729 2756 795 2828 Est
812 2755 925 2850 igitur
942 2755 1003 2828 FG
1020 2754 1067 2827 ad
1085 2753 1158 2826 DH

115 2880 157 2941 ut
171 2867 244 2941 DH
259 2868 306 2940 ad
323 2869 386 2941 ΕΙ.
427 2868 521 2941 Sunt
539 2869 663 2963 itaque
681 2869 855 2941 continue
867 2866 1160 2965 proportionales

117 2981 189 3069 FG,
201 2981 287 3070 ΒΗ,
301 2980 364 3053 ΕΙ.
409 2980 483 3054 Sed
500 2993 688 3055 ostensum
706 2992 760 3054 est
779 2982 817 3052 in
834 2980 1077 3077 praecedente,
1095 3003 1160 3052 an-

114 3095 242 3191 gulum
271 3095 362 3168 BCF
394 3118 472 3168 esse
505 3095 641 3190 angulo
674 3095 832 3167 refracto
862 3094 901 3166 in
936 3117 1019 3167 raro
1054 3093 1161 3166 LCM

116 3209 315 3305 aequalem:
342 3232 455 3305 quare
483 3209 544 3282 FG
570 3220 627 3280 est
661 3208 762 3281 sinus
793 3207 919 3304 anguli
944 3206 1094 3280 refracti
1122 3207 1163 3280 in

116 3345 213 3410 raro,
232 3320 328 3394 sicut
345 3321 417 3393 DH
437 3331 493 3393 est
514 3321 615 3394 sinus
632 3321 758 3416 anguli
776 3320 1038 3409 inclinationis
1057 3330 1094 3391 et
1111 3320 1162 3393 ΕΙ

118 3431 218 3505 sinus
236 3432 361 3529 anguli
375 3432 524 3506 refracti
542 3434 579 3505 in
597 3432 723 3506 denso.
775 3433 904 3529 ltaque
919 3432 1019 3504 sinus
1036 3433 1162 3528 anguli

117 3545 267 3618 refracti
284 3547 322 3617 in
340 3569 435 3633 raro,
460 3546 561 3618 sinus
578 3546 704 3641 anguli
721 3545 984 3633 inclinationis,
1003 3558 1042 3618 et
1061 3547 1161 3619 sinus

116 3657 242 3753 anguli
272 3658 420 3731 refracti
447 3662 486 3731 in
515 3657 639 3745 denso,
657 3671 743 3731 sunt
764 3659 938 3732 continue
956 3660 1162 3754 proportio-

118 3771 230 3844 nales.
283 3772 443 3866 Ideoque
462 3771 492 3842 si
507 3770 580 3843 duo
597 3772 692 3845 radii
706 3772 893 3869 aequaliter
910 3771 1076 3845 inclinati
1090 3781 1159 3843 etc.

120 3885 230 3960 Quod
248 3896 327 3957 erat
344 3882 587 3981 probandum.

219 4082 311 4157 Alia
328 4082 592 4156 demonstratio
603 4082 765 4179 ejusdem
775 4081 1060 4181 propositionis.

170 4220 227 4294 Sit
243 4221 393 4316 planum
412 4220 533 4295 media
550 4244 723 4317 separans
741 4221 847 4311 GBF,
873 4232 911 4294 et
928 4244 1036 4317 super
1060 4232 1161 4295 recta

1003 4354 1028 4405 a
1046 4359 1060 4402 2
