2932 5054
491 444 826 499 necansmsrrca.
1103 433 1176 499 ³65

139 591 191 659 De
207 591 336 661 Christo
350 594 503 680 cultuque
517 595 581 663 Dei
596 620 653 684 per
667 598 780 666 secula
794 596 901 664 Patris

182 693 325 770 AEterni,
340 693 430 761 libris
444 696 697 781 conveniensque
712 697 816 763 sacris.

141 790 205 857 Sed
220 792 297 876 quid
312 791 482 859 fecerunt?
526 793 668 861 Pastoris
679 795 811 861 crimina
825 805 933 881 pastor

182 891 333 968 Accusat,
348 891 479 957 Patrem
494 892 725 978 dedecoratque
740 892 848 961 Pater.
1110 899 1176 960 580

139 990 255 1057 Defert
269 993 310 1058 ad
323 1016 430 1080 regem
445 1017 502 1059 sua
516 995 652 1080 quisque
666 997 819 1084 inscripta
832 997 949 1064 libellis

181 1090 206 1158 J
207 1092 315 1179 orgia:
339 1092 491 1159 doctrinae
506 1116 583 1160 cura
597 1118 656 1162 nec
670 1096 736 1161 ulla
750 1096 824 1162 fuit.

140 1189 212 1257 Hac
227 1191 289 1257 iter
301 1215 369 1258 esse
383 1203 476 1278 putas
491 1193 531 1259 ad
545 1197 677 1281 paoem?
720 1195 864 1261 Ecclesia
877 1194 1034 1280 numquid

182 1289 329 1356 Moribus
342 1291 393 1357 his
409 1315 524 1379 sponsa
537 1303 587 1358 est
600 1293 802 1359 immaculata
811 1292 901 1359 Dei?

141 1387 228 1472 Quid
244 1388 475 1457 Constantinus
490 1391 595 1457 fecit?
639 1390 735 1479 Capit
750 1392 803 1458 ille
818 1392 951 1470 libellos,

181 1489 297 1574 Atque
311 1489 399 1576 legit,
414 1490 513 1556 lectos
527 1490 669 1556 condidit
682 1490 780 1576 inque
795 1491 909 1557 sinum.

142 1586 330 1654 Sanctorum
345 1587 496 1654 invidiam
507 1587 651 1665 miratur,
666 1598 702 1656 et
715 1588 930 1666 ambitionem,

184 1686 308 1765 Sordes,
325 1687 501 1765 mollitiem,
516 1698 550 1754 et
564 1687 649 1754 facta
663 1687 811 1774 pudenda
824 1688 948 1755 virum:

139 1785 264 1852 Deinde
277 1787 384 1874 gravis
398 1786 511 1872 culpae,
527 1787 582 1852 sed
597 1787 720 1865 leniter,
735 1788 885 1855 admonet
897 1788 978 1863 illos,

183 1884 229 1950 Et
242 1885 336 1951 docet
350 1896 388 1951 ut
400 1885 506 1952 ridens
520 1885 857 1953 Ethnicusillavidet.
1113 1890 1177 1953 590

141 1983 269 2050 “Certe
283 1969 343 2071 eg'o
357 1985 384 2050 si
398 1995 505 2052 vestro
519 1985 668 2051 vidissem
681 2007 723 2052 ex
737 1985 848 2053 ordine
863 2007 1045 2071 quenquam

182 2091 204 2122 “
214 2083 308 2150 Talia
317 2093 500 2170 peccantem
515 2083 622 2169 qualia
635 2083 756 2162 fertis,'’
770 2084 826 2164 ait,

140 2191 161 2222 “
171 2183 248 2249 Non
262 2183 357 2249 modo
371 2206 436 2250 rem
452 2194 579 2269 turpem
593 2184 772 2262 tacuissem,
788 2195 876 2251 veste
891 2185 946 2271 sed
959 2185 1022 2251 ista

182 2291 203 2322 “
214 2283 391 2349 Texissem.
436 2282 558 2351 Christi
573 2283 619 2349 sic
633 2294 712 2369 puto
726 2284 829 2370 poscit
842 2284 952 2351 honor.

139 2382 241 2449 “Vos
257 2405 368 2469 precor
381 2404 458 2468 ergo
473 2381 597 2460 Patres,
612 2405 699 2449 nunc
712 2383 770 2448 uni
784 2383 960 2450 incumbite
973 2383 1061 2470 paci:

182 2480 363 2566 “Cumque
377 2504 461 2546 unus
472 2481 571 2547 simus
585 2504 675 2568 grex,
690 2481 734 2547 sit
748 2492 781 2547 et
795 2505 859 2548 una
873 2482 962 2548 fides.

140 2580 340 2650 “Consulite
353 2603 429 2668 ergo
443 2580 543 2668 gregi.
590 2581 683 2647 Fidei
698 2582 876 2668 componite
892 2582 1046 2648 formam:
1167 2597 1171 2605 ·

182 2681 329 2765 “Atque
344 2680 431 2745 illam
446 2680 559 2746 faciam
574 2703 615 2746 ne
629 2680 672 2746 sit
686 2680 788 2746 inanis
804 2682 893 2768 ego.’'

138 2778 243 2844 Dixit
288 2778 334 2844 Et
348 2779 437 2844 illato
452 2801 556 2844 coram
571 2778 718 2845 omnibus
732 2777 806 2864 igne
821 2778 944 2845 libellos

182 2878 333 2945 Comburi
349 2876 483 2943 Patrum
493 2877 591 2963 jussit
605 2877 699 2943 edoce
714 2877 831 2963 nigros.
1111 2880 1176 2941 600

140 2981 203 3043 Sec.
228 2976 315 3053 Heu,
327 2987 484 3061 quantum
498 2976 621 3063 experti
636 2986 766 3063 praestat
780 2975 933 3061 sapientia
948 2976 1032 3062 regis

180 3074 359 3143 Doctorum
374 3076 472 3154 libris,
487 3076 679 3164 ingenioque
696 3076 826 3141 Scholae.

141 3173 229 3258 Quid
243 3175 346 3241 fecere
360 3175 474 3242 Patres
489 3185 656 3261 postquam
673 3184 779 3241 essent
789 3175 862 3261 igne
876 3173 978 3241 libelli

184 3273 362 3352 Combusti,
377 3284 521 3340 necerat
535 3275 603 3360 jam
618 3274 706 3340 locus
721 3273 874 3339 invidia?

139 3374 201 3439 Pr.
223 3373 351 3440 Nescio.
396 3373 474 3440 Non
489 3383 601 3440 extant
618 3371 739 3460 Synodi
754 3373 890 3440 decreta.
935 3371 1031 3455 Quod
1045 3381 1137 3438 extat

183 3471 358 3560 Indignum
372 3473 482 3538 multis
497 3472 638 3538 creditur
652 3494 719 3538 esee
733 3471 805 3537 fide.

141 3569 303 3654 Quorsum
318 3571 495 3658 philosophi
509 3581 633 3657 spectat
647 3569 798 3636 comoedia
813 3569 915 3635 victi?

183 3669 252 3738 Cur
265 3670 366 3736 hostis
379 3672 455 3738 ficto
469 3660 601 3737 vulnere
615 3669 808 3736 succubuit?

140 3769 302 3857 Dogmata
315 3770 370 3836 sed
385 3781 510 3836 constat
525 3769 689 3856 Synodum
705 3768 869 3834 damnasse
887 3767 1025 3843 Ariana3

184 3869 272 3934 Nam
286 3870 389 3936 visum
405 3880 455 3935 est
467 3869 493 3935 J
494 3892 582 3935 esum
594 3867 746 3933 Patribus
761 3890 828 3933 esse
840 3867 946 3932 Deum
958 3891 966 3931 t
1112 3869 1176 3931 610

139 3967 310 4034 Doctrinae
324 3969 419 4034 etiam
435 3978 510 4034 ante
525 3967 644 4032 Arium
659 3966 821 4033 damnasse
837 3967 903 4032 sere
918 3988 1037 4043 ornnes,

183 4067 345 4134 Adversas
359 4067 434 4133 fidei
449 4091 545 4152 quam
562 4066 658 4134 Sacra
674 4064 800 4153 Scripta
814 4066 938 4131 docent

141 4164 206 4233 Sed
220 4166 295 4231 dum
310 4168 408 4233 verba
421 4166 484 4232 Dei
496 4175 623 4232 tentant
637 4187 793 4251 exponere
809 4164 929 4229 frustra
993 4238 997 4245 ¹

183 4265 301 4332 Verbis
312 4265 509 4342 Graecorum,
525 4264 773 4351 philosopboque
788 4262 892 4339 modo,
995 4260 998 4267 '
