2932 5054
447 451 648 511 euusuus
665 453 835 510 suevis.
1116 439 1169 527 57

125 610 311 695 fDeinde
335 632 499 718 nugatur
528 623 575 697 de
602 622 812 698 differentis
834 623 932 698 inter
952 622 1105 724 pondus
1127 634 1169 700 et
1198 657 1360 701 mmmm>

113 756 220 824 enus,
237 734 343 832 quasi
362 735 515 834 pondus
537 736 587 811 ud
602 735 750 821 libram,
772 762 864 811 onus
880 737 929 812 sd
954 747 1093 813 uectem
1108 761 1169 812 re·
1204 742 1350 849 „2¹2⁶

112 845 309 922 ferendum
325 859 446 923 esset:
473 874 557 924 cum
574 850 812 924 manifestum
830 851 891 942 sit,
903 853 1051 950 pondus
1063 851 1169 925 abso·

113 959 192 1034 lute
209 984 355 1057 semper
372 960 459 1051 dici,
476 974 515 1038 et
539 986 619 1037 esse
642 986 787 1060 semper
808 964 847 1037 in
866 964 995 1038 eodem
1012 986 1168 1060 corpore

115 1071 240 1158 idem;
272 1098 362 1147 mnu
379 1087 511 1149 contra
526 1099 672 1173 semper
696 1076 851 1151 relative
874 1077 947 1151 dici
973 1077 1021 1151 ad
1045 1077 1169 1150 feren-

114 1197 206 1274 tem,
224 1197 262 1262 et
285 1190 404 1285 majus
422 1188 478 1262 vel
503 1190 626 1263 miuus
651 1213 719 1286 pro
737 1190 882 1264 ratione
897 1191 1035 1264 virium
1053 1189 1169 1263 susti-

114 1298 298 1373 nentium.

166 1411 309 1485 Rursus
343 1410 384 1484 iu
418 1411 546 1508 lingue
575 1412 703 1488 Graeea
730 1428 821 1508 ἄχθος
846 1414 997 1490 deducit
1022 1415 1069 1492 eb
1086 1429 1170 1505 tyb:

114 1545 200 1599 eum
219 1524 372 1599 deberet
387 1526 435 1599 ab
452 1540 535 1619 ὄχος,
552 1525 672 1600 dolor.

384 1834 690 1890 numul'rlouus
711 1837 801 1907 XIV,
827 1838 899 1892 XV·

165 1984 420 2062 Direetiouem
443 1987 602 2074 mobilis,
619 1998 685 2063 aut
708 1987 822 2064 etiam
848 1998 977 2081 metm,
1001 1987 1166 2088 appello,

113 2113 256 2179 rectum
283 2130 359 2206 qua
386 2106 507 2180 tendit
532 2104 675 2180 mobile.
733 2106 937 2204 Motusque
963 2130 1168 2179 mensuram

113 2218 314 2292 secuudum
347 2219 445 2293 haue
477 2218 711 2310 (estimatum,
745 2228 863 2292 motus
897 2217 1167 2317 longitudinem

113 2329 279 2430 appello.
330 2331 399 2406 Sim
416 2356 530 2406 curua
538 2332 702 2430 feratur
718 2331 862 2420 mobile,
879 2333 983 2429 eujus
1007 2330 1169 2406 directio

114 2442 154 2516 iu
171 2441 334 2541 siugulis
343 2445 495 2542 punctis
509 2444 744 2519 immutetur:
761 2469 808 2518 ea
825 2453 895 2535 est,
906 2469 983 2544 pro
999 2445 1166 2542 siugulis

107 2556 278 2654 premetis,
295 2566 412 2630 motus
430 2557 601 2649 directio,
613 2582 696 2656 quse
709 2582 859 2631 curvam
870 2557 909 2630 iu
922 2556 999 2631 illis
1009 2558 1167 2656 punctis

114 2678 221 2742 rectu
238 2669 435 2767 contingit.

163 2781 416 2854 Direetiouem
440 2782 584 2872 virium,
602 2806 668 2856 seu
694 2782 880 2871 mouentis,
899 2781 1063 2882 appello,
1080 2805 1165 2858 ree-

113 2901 191 2966 tam
207 2917 282 2991 qua
300 2894 418 2969 tendit
443 2895 501 2968 uis
527 2895 677 2968 mutriu.
729 2895 931 2994 Motusque
956 2919 1166 2970 mensuram

112 3006 308 3080 secuudum
337 3007 434 3082 hauc
460 3008 690 3099 estimatum,
716 3007 867 3106 appello
896 3018 1015 3082 motus
1038 3008 1166 3082 altitu·

114 3120 248 3194 dinem.

163 3232 404 3306 Manifestum
422 3243 480 3306 est
508 3232 748 3307 directionem
773 3230 921 3305 mobilis
938 3255 1018 3306 esse
1046 3231 1166 3306 actio·

113 3369 195 3418 uem
212 3345 402 3434 moventis,
415 3368 481 3441 per
495 3369 606 3442 quum
623 3345 736 3420 efficit
748 3355 790 3419 ut
801 3345 936 3418 mobile
946 3369 1013 3441 per
1030 3345 1166 3419 lineum

114 3469 255 3530 certum
282 3467 322 3531 et
350 3457 498 3531 unicam
524 3470 728 3531 moveatur.
780 3457 891 3531 Actio
919 3468 1043 3531 autem
1068 3458 1167 3533 lines

114 3593 187 3643 non
205 3581 286 3644 est:
303 3593 423 3667 neque
441 3594 531 3667 ergo
544 3571 710 3661 directio,
724 3584 768 3645 ut
783 3571 845 3645 ille
859 3570 1000 3662 definit,
1014 3584 1072 3645 est
1088 3572 1167 3646 lon·

113 3681 257 3778 gitudo,
274 3683 340 3756 sed
357 3707 469 3757 causa
485 3684 647 3758 efficiens
664 3697 799 3757 motus.
852 3683 937 3757 Hoc
955 3708 1044 3782 ergo
1066 3708 1168 3758 erra·

113 3809 194 3869 tum
210 3798 372 3893 primum
390 3809 458 3871 est.

163 3910 350 3998 Secundo,
368 3922 412 3983 ut
428 3910 492 3984 ills
508 3911 752 4000 meminerit,
772 3933 983 4008 quanquam
1007 3909 1165 3985 directio

112 4021 210 4097 linea
226 4035 336 4113 esset,
351 4022 679 4097 demonstrandum
706 4035 830 4096 tamen
848 4034 939 4096 erat.
993 4023 1103 4099 Quod
1125 4023 1166 4098 iu

113 4136 329 4210 defiuitione
344 4136 474 4209 vitium
491 4136 651 4209 alterum
669 4148 737 4211 est.

159 4250 301 4339 Tertio,
326 4249 425 4345 quod
455 4249 695 4324 directionem
723 4246 868 4322 mobilis
897 4247 998 4323 dieat
1024 4263 1165 4324 rectum

111 4386 191 4438 eum
208 4387 291 4437 esse
310 4387 384 4459 qua
400 4363 521 4436 tendit
539 4363 686 4453 mobile,
704 4361 836 4436 falsum
850 4373 918 4435 est.
952 4362 1049 4437 Nam
1065 4362 1165 4436 idem
