2932 5054
424 455 510 510 nux
529 454 846 508 uanunmnmcn.
1082 441 1150 511 145

113 619 239 717 BapA,
257 620 385 718 AyaD‚
402 621 696 720 sDaC‚·aequalia
717 641 785 718 pro
804 630 962 718 quatuor
977 619 1153 696 lateribus
1166 645 1364 690 conmma-

114 732 283 829 quadrati
306 734 450 824 ABCD,
469 737 508 809 in
535 733 790 831 subtriplicata
812 734 955 808 ratione
976 733 1070 807 radii
1087 733 1153 810 Dc
1192 727 1336 835 Q

112 845 161 920 ad
178 847 413 922 semiradium
430 848 500 922 ch.

162 960 293 1058 Itaque
304 963 462 1059 objectio
472 960 713 1035 Wallisiinon
726 960 880 1058 impedit
893 960 981 1058 quin
994 961 1153 1034 semissis

111 1096 218 1147 arcus
235 1073 450 1170 quadrantis
473 1076 522 1148 sit
538 1075 657 1171 major
674 1073 829 1148 duarum
846 1073 1051 1148 mediarum
1068 1098 1153 1147 con*—

111 1186 214 1260 tinue
231 1188 562 1284 proportionalium
575 1189 671 1261 inter
688 1186 831 1260 radium
849 1198 886 1262 et
904 1187 1152 1262 semiradinm.

113 1300 349 1398 Quapropter
378 1303 646 1399 propositiones
672 1301 761 1374 xviii
786 1312 825 1374 et
850 1301 913 1374 xix
944 1301 1070 1398 judico
1105 1301 1152 1375 ab

113 1414 302 1488 Hobbesio
326 1438 405 1488 esse
430 1417 524 1488 bene
542 1415 836 1488 demonstratas:
863 1437 1011 1487 causam
1027 1425 1152 1487 autem

112 1550 224 1623 quare
240 1527 407 1601 Wallisio
431 1528 539 1601 aliter
559 1528 678 1600 visum
706 1539 774 1614 est,
801 1525 910 1600 aliam
937 1550 1012 1599 non
1042 1527 1152 1601 fuisse

113 1663 223 1736 quam
234 1640 335 1737 quod
347 1640 516 1737 quadrati
530 1639 820 1736 magnitudinem
831 1640 1038 1736 computari
1047 1644 1153 1735 posse

114 1753 335 1827 existimavit
352 1777 419 1851 per
435 1752 685 1849 longitudines
709 1753 787 1826 sine
804 1751 1010 1840 latitudine,
1028 1753 1066 1825 id
1084 1766 1152 1844 est,

113 1889 179 1962 per
202 1865 337 1940 diversi
363 1867 508 1963 generis
538 1866 803 1962 quantitatem:
829 1865 928 1963 quod
945 1877 1000 1939 est
1016 1866 1152 1963 impos-

113 1979 229 2053 sibile.

166 2092 252 2164 Cor.
280 2091 406 2164 Minor
427 2090 631 2165 mediarum
655 2091 809 2165 duarum
827 2092 923 2166 inter
940 2103 1079 2165 rectam
1096 2105 1153 2167 to-

112 2215 189 2280 tam
208 2217 245 2276 et
263 2202 463 2290 dimidiam,
487 2217 543 2277 est
570 2204 728 2277 semissis
752 2203 954 2301 diagonalis
984 2204 1155 2301 quadrati

115 2316 216 2413 qnod
242 2316 290 2389 sit
317 2329 473 2414 quatuor
501 2316 640 2414 quintae
667 2330 790 2412 partes
818 2317 987 2413 quadrati
1010 2342 1033 2390 a
1062 2330 1152 2393 tota.

114 2430 212 2505 Nam
229 2455 262 2520 e,
278 2454 361 2527 quae
387 2441 444 2503 est
473 2431 594 2503 minor
623 2430 826 2504 mediarum
848 2432 944 2505 inter
960 2431 1026 2505 DC
1042 2443 1082 2505 et
1099 2456 1155 2506 se-

113 2545 261 2619 missem
279 2546 356 2642 ejus
374 2544 445 2630 Dc,
464 2557 521 2617 est
540 2543 691 2617 dimidia
707 2544 780 2619 DQ
796 2545 871 2617 sive
890 2544 1041 2618 dimidia
1058 2547 1152 2619 DK:

114 2671 201 2731 sunt
231 2658 328 2731 enim
347 2657 420 2732 DQ
437 2670 474 2730 et
491 2658 562 2731 DK
581 2656 751 2753 aequales,
774 2670 925 2754 propter
955 2659 1087 2732 similia
1117 2671 1156 2732 et

115 2770 273 2867 aequalia
289 2770 602 2867 triangulaDYQ,
620 2771 728 2868 DqK.
783 2772 880 2846 Quia
906 2773 1004 2845 enim
1032 2772 1156 2868 anguli

115 2884 289 2981 deinceps
307 2884 355 2957 ad
372 2909 393 2957 e
410 2896 497 2956 sunt
514 2886 616 2972 recti,
632 2896 670 2957 et
686 2885 811 2979 anguli
829 2885 875 2957 ad
893 2885 927 2958 D
945 2898 982 2957 et
997 2886 1031 2957 K
1050 2885 1156 2957 semi-

114 2998 221 3086 recti,
239 2997 484 3072 necessarium
502 3008 558 3069 est
575 3009 616 3069 ut
634 2996 701 3083 De,
720 2998 777 3069 eK
795 2999 868 3070 sint
886 2998 1054 3092 aequales

418 3219 741 3271 CONTROVERSIA
761 3221 857 3271 xl11.

166 3334 306 3409 Contra
336 3336 606 3432 propositiones
628 3360 678 3408 xx
705 3347 743 3408 et
771 3335 834 3408 xxi
854 3334 1039 3408 Wallisius
1065 3336 1157 3409 nihil

115 3447 258 3543 objicit,
274 3459 516 3545 praeterquam
535 3448 634 3545 quod
651 3447 883 3544 dependeant
900 3473 923 3521 a
938 3471 1042 3544 prop.
1056 3449 1156 3537 xviii,

115 3561 245 3648 idest,
271 3560 370 3656 quod
402 3559 634 3657 dependeant
652 3586 674 3633 a
690 3563 785 3634 veris
811 3575 849 3634 et
876 3563 1068 3658 perspicue
1094 3561 1156 3635 de-

114 3674 341 3746 monstratis.
396 3672 491 3746 Nam
522 3697 604 3768 quae
631 3673 866 3769 reprehendit
892 3674 930 3746 in
958 3676 1158 3771 scriptione

114 3785 231 3859 verba
246 3785 411 3882 qnaedam
428 3799 566 3883 praeter
578 3787 767 3883 scriptoris
781 3798 942 3860 mentem
957 3816 965 3859 :
985 3790 1158 3883 quoniam

114 3899 188 3972 illis
218 3923 317 3973 nunc
348 3900 522 3974 correctis
556 3900 723 3997 procedit
757 3902 1031 3988 demonstratio,
1067 3902 1158 3975 nihil

115 4023 245 4107 agurnt.

168 4124 360 4198 Hactenus
378 4125 424 4198 de
445 4124 720 4200 Controversiir
744 4127 907 4224 singulis,
925 4140 1079 4224 excepta
1096 4129 1157 4202 illa

114 4260 199 4333 qnae
223 4247 279 4309 est
305 4237 353 4309 de
376 4237 527 4310 Natura
550 4238 701 4312 Libroe:
727 4264 847 4334 quam,
878 4264 962 4312 cum
992 4265 1157 4315 censurae

116 4349 297 4424 Hobbesii
314 4362 356 4423 ut
373 4351 652 4426 contemnendae
679 4352 900 4448 respondere
930 4377 1005 4426 non
1029 4354 1159 4452 digna-

217 4483 312 4539 vou.
327 4485 366 4536 v.
1037 4490 1059 4541 u
