2932 5054
362 449 561 504 ROSETUM
582 450 906 506 euomurulcum.
1107 431 1158 512 27

164 619 228 693 Sin
245 628 435 715 quaeratur
451 619 565 693 sectio
583 620 770 717 tangentis
796 628 844 694 30
861 609 1157 716 graduumque
1190 644 1350 689 anonam.

112 732 301 829 predictae
328 732 487 807 secantis
513 744 571 808 est
599 733 762 824 dimidia,
790 746 829 807 et
856 733 954 807 latus
981 731 1067 805 cubi
1099 732 1157 805 in-
1171 717 1372 834 fflffi,

112 846 241 943 scripti
266 845 405 921 circulo
422 848 526 943 cujus
552 846 732 922 diameter
748 856 805 921 est
821 846 900 933 AB,
918 858 1085 920 sumatur
1101 867 1158 918 se·
1171 854 1236 888 “⁰⁰⁸
1245 841 1329 888 Μ·

111 961 235 1035 missis
251 960 365 1058 ipsius
382 960 454 1051 Ad,
472 960 581 1035 idest
598 961 672 1037 ad:
691 985 736 1035 ea
748 963 818 1035 erit
835 971 1067 1056 segmentum
1083 980 1161 1030 ma-

107 1076 181 1170 jus,
199 1073 392 1170 etreliqua
407 1096 492 1170 pars
506 1074 693 1171 tangentis
704 1075 773 1147 erit
785 1086 1016 1169 segmentum
1025 1070 1160 1143 minus.

114 1186 303 1276 Similiter,
322 1186 353 1260 si
370 1186 530 1260 secanda
546 1189 595 1261 sit
611 1189 676 1262 AF
691 1186 1026 1285 proportionaliter,
1049 1183 1162 1256 ducta

112 1299 177 1372 AF
193 1311 294 1373 secet
307 1298 355 1371 ab
371 1299 410 1372 in
427 1325 461 1387 e,
479 1310 518 1373 et
535 1300 606 1374 erit
620 1300 676 1374 Ae
689 1302 808 1398 majus
823 1310 1054 1395 segmentum
1067 1297 1160 1393 ejus,

114 1423 153 1487 et
182 1413 233 1485 eF
262 1423 494 1509 segmentum
523 1412 670 1488 minus:
697 1423 736 1487 et
765 1412 918 1487 dimidia
943 1412 1010 1502 Ae,
1041 1410 1160 1507 majus

114 1538 347 1622 segmentum
364 1524 528 1599 dimidiae
542 1524 620 1599 AF.

538 1863 737 1873 ——-

538 1878 737 1891 *—

520 2089 658 2165 PROP.
685 2090 754 2166 IX.

334 2288 389 2340 DE
408 2288 632 2342 DIVISIONE
652 2288 814 2343 ANGULI
834 2290 947 2342 DATI.

116 2418 333 2492 Anaunuu
353 2416 482 2492 datum
498 2441 622 2492 secare
638 2418 678 2491 in
696 2419 783 2492 data
799 2420 956 2493 ratione.

168 2530 226 2604 Sit
248 2529 405 2627 angulus
433 2530 541 2605 datus
565 2530 682 2604 BAC:
709 2531 829 2628 sitque
856 2532 951 2606 ratio
975 2531 1073 2622 data,
1092 2531 1158 2604 AB

117 2642 166 2717 ad
181 2643 263 2717 AD.
314 2643 553 2717 Describatur
566 2668 674 2717 arcus
691 2645 811 2719 ADE:
837 2655 877 2719 et
894 2657 1039 2720 secetur
1055 2669 1164 2719 arcus

118 2756 181 2830 BC
197 2755 366 2830 bifariam
389 2757 429 2830 in
445 2757 485 2830 F.
538 2758 664 2832 Quare
690 2758 803 2832 ducta
820 2759 883 2833 AF
911 2760 1051 2834 secabit
1070 2784 1166 2856 quo-

118 2893 190 2966 que
207 2869 273 2942 DE
288 2869 458 2942 bifariam
478 2874 599 2966 (puta)
613 2870 653 2943 in
671 2870 714 2944 G.
757 2872 890 2945 Ductae
906 2896 996 2969 ergo
1014 2871 1165 2946 chordae

120 2983 191 3073 BF,
206 2982 274 3056 DG
290 2994 398 3055 erunt
411 2982 508 3056 inter
525 3007 564 3056 se
580 2993 622 3057 ut
639 2996 759 3057 rectae·
769 2985 846 3074 AB,
860 2985 940 3059 AD.
1162 3036 1164 3041 -

167 3095 410 3192 Applicentur
427 3095 510 3170 duae
528 3097 676 3170 chordae
701 3098 779 3188 DG,
792 3099 855 3172 GE
877 3097 925 3172 ad
950 3122 1077 3171 arcum
1104 3098 1166 3170 BF

117 3211 158 3283 in
176 3208 193 3282 1
208 3221 246 3282 et
264 3210 310 3299 K,
329 3208 382 3281 ita
397 3218 441 3282 ut
457 3208 605 3283 chordae
624 3209 754 3299 B1,IK
772 3213 846 3285 sint
872 3211 1031 3308 aequales
1058 3212 1166 3284 chor-

119 3321 176 3396 dis
210 3321 289 3411 DG,
320 3321 383 3394 GE
416 3334 574 3420 utraque
604 3323 775 3419 utrique:
811 3324 1066 3419 ducanturque
1100 3324 1166 3411 AI,

118 3435 203 3525 ΑΚ,
221 3458 376 3532 quarum
392 3435 463 3508 AK
488 3447 588 3510 secet
614 3461 740 3511 arcum
771 3437 836 3511 DE
863 3438 902 3511 in
928 3438 969 3527 L,
988 3437 1041 3511 AI
1067 3447 1168 3510 secet

119 3572 247 3622 arcum
265 3547 424 3622 eundem
441 3549 480 3622 in
497 3550 551 3622 M.

169 3661 262 3735 Dico
279 3684 407 3734 arcum
423 3673 546 3735 totum
563 3663 626 3736 BC
643 3663 696 3736 ita
722 3663 880 3736 divisum
898 3686 976 3736 esse
993 3663 1031 3735 in
1061 3663 1107 3750 K,
1125 3675 1168 3736 ut

120 3798 227 3848 arcus
245 3774 320 3863 BC,
348 3774 424 3847 sive
449 3775 605 3871 angulus
633 3775 741 3849 datus
767 3775 876 3865 BAC,
894 3777 942 3849 sit
970 3776 1018 3849 ad
1042 3799 1168 3849 arcum

122 3888 200 3977 ΒΚ,
215 3887 291 3960 sive
305 3887 480 3983 angulum
499 3887 613 3977 BAK,
631 3901 674 3961 ut
691 3900 795 3961 recta
812 3887 878 3960 AB
897 3887 944 3960 ad
962 3889 1041 3961 AD.

168 4001 235 4074 Est
252 3999 349 4073 enim
368 4001 506 4075 chorda
524 4000 592 4074 ΒΚ
610 4001 659 4074 ad
681 4002 858 4075 chordam
882 4002 960 4090 DL,
979 4014 1020 4074 ut
1038 4002 1104 4075 AB
1121 4001 1170 4075 ad

120 4113 201 4188 AD.
253 4114 320 4186 Est
343 4114 454 4188 etiam
481 4128 525 4187 ut
552 4116 634 4190 duae
664 4116 813 4190 chordae
843 4115 905 4205 ΒΙ,
919 4115 974 4188 IK
1001 4116 1048 4189 ad
1078 4117 1170 4188 duas

120 4226 277 4301 chordas
292 4226 378 4316 ΒΜ,
393 4228 477 4318 ML,
495 4230 549 4303 ita
566 4230 632 4302 AB
650 4231 698 4303 ad
716 4231 797 4304 AD.
832 4231 905 4304 Sed
923 4231 1005 4306 duae
1023 4231 1171 4305 chordae

122 4340 184 4432 ΒΙ,
198 4341 253 4415 ΙΙ(
282 4352 380 4433 sunt,
402 4367 470 4439 per
500 4346 825 4436 constructionem,
843 4346 999 4442 aequales
1029 4346 1171 4419 duabus
