2932 5054
379 473 563 534 snruuor
582 473 853 529 ucounrmcr
872 474 960 529 nro.
1122 462 1192 530 199

156 645 200 712 15
229 637 277 712 ad
303 646 339 729 8,
367 639 587 737 relinquitur
611 638 659 735 ᾖ,
680 641 795 715 idest
817 649 851 728 l.
904 640 1071 715 Solidum
1100 665 1189 738 ergo

151 752 255 847 eujus
271 751 368 826 basis
385 763 442 827 est
464 754 597 850 spirale
620 755 791 851 epatium,
809 765 865 828 est
891 754 1044 852 sphaerae
1060 755 1100 828 in
1118 779 1191 852 qua

150 863 328 938 maximus
346 865 505 941 circulus
521 879 577 941 est
593 864 737 941 BCD-
753 864 959 941 dimidium.

197 998 260 1050 rx.
292 976 433 1051 Eadem
472 976 647 1053 methodo
685 979 896 1053 invenietur
933 980 1190 1079 rectangulum

147 1089 339 1187 quodlibet
362 1115 444 1167 csse
467 1092 516 1166 ad
537 1092 751 1189 parabolam
775 1092 845 1166 sibi
868 1093 1084 1192 inscriptam
1103 1103 1189 1171 ut3

145 1203 235 1278 cd2

194 1315 435 1391 Describatur
468 1317 568 1391 enim
593 1318 851 1414 rectangn‘lum
878 1317 957 1414 (lig.
969 1318 1037 1412 xii)
1072 1318 1189 1415 quod-

143 1452 302 1525 cumque
319 1427 467 1520 ABCD,
478 1431 516 1503 in
528 1432 633 1526 cujus
650 1430 765 1504 latere
777 1429 843 1503 DC
854 1443 1021 1504 sumatur
1035 1431 1188 1505 ubicun-

144 1566 216 1640 que
229 1542 301 1632 θα,
312 1542 371 1614 cui
385 1541 422 1615 in
433 1543 549 1617 latere
560 1541 628 1619 AB
642 1553 808 1617 sumatur
820 1541 970 1637 aequalis
984 1542 1050 1617 Ad
1059 1567 1188 1618 secans

144 1654 376 1752 diagonalem
393 1653 461 1729 BD
479 1656 518 1728 in
541 1655 588 1729 b:
615 1667 654 1728 et
679 1655 732 1728 sic
751 1655 817 1728 fiat
842 1654 990 1750 ubique.
1043 1655 1187 1730 Deinde

143 1780 187 1841 ut
205 1768 256 1842 da
273 1768 408 1864 ubique
426 1768 474 1842 ed
488 1769 546 1858 dc,
562 1770 615 1843 sic
630 1769 697 1842 fiat
715 1768 763 1841 dc
780 1766 828 1841 ad
844 1766 911 1840 db:
929 1780 968 1840 et
985 1792 1052 1864 per
1064 1770 1188 1844 omnia

142 1893 320 1977 punctae
337 1879 494 1955 ducatur
510 1881 607 1955 linea
624 1905 738 1955 curva
754 1879 876 1953 Bch.
920 1879 1071 1953 Lineam
1089 1881 1187 1956 hanc

143 2017 293 2068 curvam
311 2016 389 2067 esse
410 1995 671 2090 parabolicam,
689 2005 728 2066 et
753 1994 910 2089 figuram
927 1991 1077 2067 ABch
1106 2016 1187 2070 esse

143 2106 332 2180 dimidiam
341 2107 533 2203 parabolae,
540 2105 791 2180 mathematici
799 2105 1036 2179 consentiunt
1045 2129 1185 2180 omnes.

142 2219 419 2294 ostendendum
438 2244 528 2317 ergo
545 2231 601 2294 est
618 2218 872 2316 rectangulum
886 2216 1022 2294 ABCD
1041 2242 1120 2295 esse
1136 2220 1186 2297 ad

141 2333 444 2430 semiparabolam
463 2332 611 2407 ABch
628 2345 672 2407 ut
690 2342 712 2406 3
730 2331 778 2406 ad
795 2342 830 2406 2.

191 2445 421 2521 Describitur
434 2447 533 2521 enim
547 2446 802 2543 rectangulnm
815 2442 951 2520 ABCD
965 2470 988 2519 a
1000 2457 1103 2520 recta
1114 2448 1183 2522 AB

140 2570 241 2633 mota
257 2559 489 2634 uniformiter
500 2559 696 2656 parallelus
709 2558 757 2633 ad
769 2558 865 2631 latus
879 2558 1090 2654 oppositum
1102 2560 1180 2634 DC.

141 2669 216 2744 Sed
238 2672 503 2769 semiparabola
525 2670 671 2745 ABch
699 2670 918 2744 describitur
942 2694 965 2742 a
988 2684 1090 2745 recta
1119 2669 1182 2747 CB

140 2797 242 2858 mota
257 2784 306 2859 ad
322 2785 416 2858 latus
434 2785 644 2882 oppositum
662 2782 729 2857 AB
752 2784 926 2857 continue
948 2795 1126 2879 pereunte
1143 2785 1181 2858 in

140 2897 326 2994 duplicata
340 2897 482 2971 ratione
496 2896 669 2994 temporis
681 2893 749 2968 AB
763 2895 812 2968 ad
829 2908 973 2992 tempus
986 2895 1057 2968 Da.
1084 2896 1182 2970 Nam

140 3011 235 3085 ratio
253 3011 304 3085 du
320 3010 368 3084 ed
385 3010 433 3084 de
449 3023 506 3084 est
530 3010 665 3106 ubique
682 3009 869 3106 duplicata
892 3007 1046 3081 rationis
1064 3008 1115 3082 du
1132 3007 1181 3083 ad

138 3122 204 3197 uh:
220 3135 259 3197 et
272 3135 469 3222 propterea
485 3123 566 3220 (per
580 3148 660 3219 cap.
674 3123 712 3211 ii,
726 3135 795 3195 art.
809 3122 851 3215 9)
867 3143 993 3195 omnes
1007 3121 1058 3195 da
1072 3122 1181 3194 simul

139 3248 226 3311 sunt
242 3237 291 3311 ad
307 3260 434 3311 omnes
453 3236 499 3310 dc
517 3236 625 3310 simul
642 3237 680 3309 in
699 3235 885 3332 duplicata
902 3235 1046 3308 ratione
1063 3234 1180 3308 arith-

137 3350 272 3423 metica
296 3351 459 3424 omnium
478 3349 529 3424 du
546 3349 594 3423 ad
617 3371 743 3422 omnes
761 3348 821 3421 ab.
874 3349 1005 3443 Itaque
1023 3346 1062 3420 id
1079 3347 1179 3443 quod

136 3463 180 3534 fit
195 3460 429 3535 uniformiter
441 3485 464 3534 a
476 3473 555 3534 tota
567 3459 647 3549 AB,
662 3459 701 3532 id
715 3471 772 3533 est
790 3472 908 3533 totum
923 3460 1178 3556 rectangulum

137 3572 285 3664 ΑΒΟΙ),
303 3575 350 3648 ed
366 3575 407 3649 id
423 3573 522 3671 quod
534 3575 577 3647 fit
589 3598 612 3646 a
625 3587 727 3647 motu
744 3574 868 3647 luteris
882 3573 947 3646 DC
964 3597 1089 3647 versus
1107 3573 1175 3646 AB

134 3700 324 3782 pereunte,
343 3687 381 3760 id
403 3697 460 3762 est
484 3699 651 3760 cessante
668 3687 714 3760 ab
733 3710 855 3782 opere,
870 3687 979 3782 juxta
995 3687 1176 3760 rationem

135 3800 403 3874 arithmeticam
420 3801 594 3898 temporis
611 3799 915 3896 subduplicatam,
932 3800 1003 3873 erit
1020 3798 1059 3872 id
1075 3798 1175 3894 quod

135 3913 353 4012 relinquitur
369 3913 557 4003 infectum,
568 3937 698 4009 nempe
717 3912 857 3988 CDccB
871 3937 945 3986 una
962 3935 1046 4008 pers
1059 3912 1174 3985 totius

134 4026 495 4123 rectanguliABCD:
510 4051 661 4125 quarum
675 4027 713 4101 id
723 4026 821 4122 quod
831 4027 1030 4122 perficitur,
1041 4048 1173 4121 nempe

133 4141 401 4238 semiparabola
417 4140 571 4226 ABch,
591 4154 648 4214 est
665 4140 758 4214 duae.

185 4251 315 4350 ltaque
341 4254 597 4350 rectangulum
612 4254 748 4328 ABCD
777 4263 834 4326 est
861 4250 1061 4325 earundem
1087 4274 1172 4347 par-

133 4364 226 4441 tium
243 4375 279 4442 3.
329 4367 397 4441 list
413 4389 501 4464 ergo
523 4367 777 4464 rectangulum
794 4365 926 4441 ABCD
945 4365 992 4440 ad
1016 4365 1171 4462 semipa·

1245 674 1313 717 ΟΔΡ,
1328 675 1360 717 1.

1229 742 1375 776 Μ--ψ--ν

1204 797 1405 846 {moerentis

1201 867 1225 906 ot
1239 877 1315 909 aarum
1331 879 1404 925 nuper·

1201 926 1294 975 flecta·
1303 935 1345 976 etc
