2932 5054
363 433 563 490 aosnruu
583 435 907 490 onounrmcuru,
1101 421 1149 488 -41

113 602 378 702 digressionem
407 602 456 677 ad
485 604 641 677 circulos
668 604 866 700 proximos
895 598 958 700 qui
988 600 1167 677 dividunt
1183 632 1268 674 naor.
1282 628 1361 674 xvn.

109 716 346 814 superficiem
377 717 528 813 sphaerae
553 715 847 815 quinquifariam,
875 730 997 790 motus
1022 717 1067 789 fit
1091 739 1157 812 per
1170 701 1370 804 hffl,

114 830 275 927 quinque
305 829 422 904 latera
455 828 647 903 icosaedri.
700 829 744 902 In
779 829 998 903 semicirculi
1031 825 1348 903 autemfflq'fflffl‘m·

112 943 412 1017 circumferentia
437 943 481 1016 fit
509 955 633 1016 motus
651 966 673 1015 a
689 942 774 1038 polo
792 942 840 1015 ad
855 943 981 1039 polum
999 967 1065 1039 per
1082 954 1158 1016 tres

111 1079 221 1129 arcus
248 1057 406 1152 aequales
428 1055 590 1153 singulas
607 1055 709 1128 arcui
727 1055 795 1128 CK
813 1056 872 1129 vel
890 1056 970 1130 ΒΚ.
1022 1056 1157 1130 Ablato

109 1169 229 1266 igitur
246 1181 348 1242 motu
367 1169 429 1265 qui
445 1170 490 1243 fit
515 1192 583 1266 per
606 1167 680 1241 duo
709 1169 827 1243 latera
855 1169 1035 1243 icosaedri
1064 1169 1158 1242 nihil

111 1283 382 1380 promoventia,
399 1282 467 1355 viae
491 1305 558 1379 per
583 1281 656 1354 tria
682 1281 798 1355 latera
820 1282 1011 1372 icosaedri,
1037 1293 1075 1356 et
1091 1305 1158 1379 per

112 1409 191 1469 tres
208 1418 316 1469 arcus
333 1395 565 1484 semicirculi,
589 1395 748 1490 aequales
776 1396 936 1492 singulas
959 1398 1061 1470 arcui
1078 1396 1156 1489 CK,

112 1509 170 1582 vel
207 1510 339 1583 saltem
371 1531 438 1606 per
471 1508 618 1581 illorum
649 1508 820 1595 chordae,
853 1508 1010 1604 aequales
1038 1521 1157 1584 erunt

115 1622 189 1696 Sed
203 1622 254 1695 Βθ
265 1645 332 1718 per
342 1642 549 1694 mensuram
569 1621 776 1694 invenietur
793 1623 910 1716 major
928 1620 1066 1695 chorda
1079 1622 1157 1696 ΒΚ.

115 1736 241 1818 Quare
258 1745 333 1808 tres
350 1757 469 1819 arcus,
484 1733 618 1830 singuli
632 1734 792 1829 aquales
806 1733 885 1823 ΒΚ,
897 1746 984 1806 sunt
1001 1735 1159 1830 aequales

113 1849 234 1921 tribus
250 1847 427 1920 lateribus
445 1845 636 1936 icosaedri,
655 1858 693 1920 et
709 1872 803 1921 unus
820 1847 898 1921 uni.
951 1847 1061 1922 Quod
1078 1859 1160 1922 erat

113 1958 455 2034 demonstrandum.

166 2074 252 2147 Hoc
282 2096 400 2169 genus
434 2071 756 2146 demonstrationis
789 2072 1030 2169 damnabunt,
1057 2084 1160 2147 certe

113 2187 204 2276 scio,
222 2186 451 2283 algebristae:
469 2196 507 2259 et
523 2185 679 2258 fortasse
698 2185 772 2275 alii,
787 2187 850 2281 qui
867 2210 941 2261 uon
959 2185 1161 2261 admittunt

111 2301 155 2375 in
180 2299 424 2397 geometriam
451 2309 669 2395 argumenta
686 2323 708 2372 a
725 2312 830 2373 motu
855 2310 1014 2397 sumpta,
1040 2323 1160 2396 neque

114 2436 139 2487 a
154 2435 340 2486 mensura.
393 2410 467 2484 Sed
496 2411 544 2484 ad
572 2411 680 2500 hanc,
705 2423 744 2485 et
769 2412 902 2486 multas
919 2413 1009 2486 alias
1025 2437 1160 2510 propo·

117 2527 268 2601 sitiones
284 2524 539 2621 geometricas,
555 2523 736 2620 principia
752 2525 824 2598 alia
839 2526 941 2599 nulla
958 2527 1161 2622 excogitari

112 2651 284 2737 possunt,
302 2662 325 2711 a
343 2637 475 2734 quibus
493 2638 681 2710 conclusio
708 2651 810 2711 certa
830 2639 987 2713 derivari
1004 2640 1075 2713 rite
1093 2665 1160 2737 po-

118 2763 202 2827 test.
255 2751 410 2826 Numeri
429 2751 526 2823 enim
541 2750 591 2824 ad
608 2751 704 2825 hanc
721 2775 811 2841 rem,
835 2764 878 2825 ut
895 2776 991 2850 saepe
1008 2754 1160 2827 demon-

113 2866 242 2954 stravi,
261 2864 377 2961 inepti
395 2877 507 2937 suut:
535 2888 603 2937 uec
621 2889 643 2938 a
660 2865 919 2961 superficiebus
936 2866 984 2939 ad
1001 2866 1161 2962 longitu-

116 2978 235 3067 dineS,
252 3002 322 3051 nec
340 2988 482 3066 contra,
499 2977 649 3074 procedi
671 2987 771 3050 recte
788 2991 938 3075 potest:
963 2991 1162 3076 propterea

119 3092 216 3188 quod
227 3091 441 3187 superficies
453 3101 489 3164 et
507 3090 754 3188 longitudines
768 3103 855 3166 sunt
867 3091 1011 3165 diversa
1023 3116 1161 3189 genera

118 3206 378 3303 quantitatum.

494 3611 630 3684 PROP.
648 3611 789 3684 XVIII.

169 3782 224 3834 DE
244 3779 474 3842 Qvannn'ro
492 3781 613 3833 AREAE
635 3780 906 3841 QUADRANTIS
925 3782 1107 3842 AEQUALI.

120 3885 308 3963 Crncuuo
329 3884 417 3958 dato
434 3886 573 3980 aequale
590 3886 755 3958 invenire
774 3886 1006 3982 quadratum.

168 4001 226 4074 Sit
245 3999 355 4072 datus
373 3998 543 4087 circulus,
561 4000 666 4095 cujus
680 3999 864 4095 quadrans
878 3999 926 4071 sit
944 3999 1057 4088 DAC,
1076 4023 1164 4096 qua·

119 4112 226 4188 drato
259 4111 393 4184 ABCD
423 4111 642 4207 inscriptus:
668 4123 706 4184 et
739 4125 867 4185 octans
897 4111 1025 4184 circuli
1056 4112 1163 4185 DLC.

119 4228 275 4302 Secetur
292 4224 513 4322 quadratum
527 4225 659 4299 ABCD
678 4236 757 4299 tum
774 4250 797 4298 a
814 4225 1068 4320 diagonalibus
1086 4225 1163 4313 AC,

120 4338 196 4432 BD,
216 4353 299 4415 tum
317 4362 340 4412 a
358 4338 468 4412 rectis
485 4339 557 4427 EF,
575 4338 659 4428 GH,
674 4338 977 4413 concurrentibus
994 4340 1165 4413 omnibus
