2932 5054
426 452 511 504 1111
527 450 848 503 ‘uarnnuarroa
1087 438 1155 504 149

114 617 324 707 absurdum,
343 617 408 692 sed
424 629 466 692 ut
488 617 705 691 miraculum
722 617 907 715 quoddam
930 618 1154 714 geometriae,
1167 646 1373 690 anraororns

118 732 362 827 quantitatem
380 732 559 804 minorem
585 732 760 804 continuo
777 744 890 805 auctu
907 730 1016 804 aliam
1039 734 1155 829 majo·
1176 728 1363 833 *QQ

113 869 189 918 rem
204 868 377 940 superare
392 868 511 941 posse,
526 868 671 941 aequare
685 855 806 917 tumen
821 869 896 942 non
909 869 1037 942 posse:
1056 846 1154 941 quod

111 970 169 1032 est
187 970 320 1032 contra
335 957 459 1031 lumen
471 971 614 1032 naturae
628 957 892 1031 immediatum.
927 959 1017 1032 Erat
1029 970 1153 1032 tamen

112 1072 260 1146 Clarius
276 1081 464 1166 geometra
480 1095 555 1145 non
572 1070 753 1144 indoctus.
808 1070 881 1144 Sed
897 1085 940 1145 ut
958 1084 1044 1145 sunt
1061 1072 1154 1145 adeo

111 1185 267 1259 excelsae
293 1183 470 1257 doctriuae
494 1184 674 1281 quaedam,
701 1184 753 1256 ita
778 1185 888 1257 etiam
914 1199 1000 1258 suut
1027 1185 1154 1258 deliria

110 1299 235 1395 aliqua
261 1298 314 1371 ita
339 1321 485 1394 magna,
508 1309 551 1371 ut
578 1297 678 1370 credi
699 1298 771 1370 nisi
797 1299 1057 1394 magistrorum
1083 1324 1153 1395 ope

110 1435 301 1509 nunquam
333 1411 487 1508 possint.
540 1410 675 1483 Nonne
706 1411 951 1506 professorem
985 1424 1153 1485 nostrum

110 1527 214 1622 prius
236 1524 428 1624 opportuit
453 1523 702 1597 considerasse
726 1535 894 1597 naturam
918 1526 1055 1621 anguli,
1073 1535 1153 1600 tum

111 1639 293 1713 rectilinei
311 1650 388 1712 tum
416 1636 663 1733 contigentiae,
682 1649 806 1710 utrum
832 1638 925 1710 bene
949 1637 1090 1711 definiti
1117 1652 1159 1713 et,

111 1752 278 1850 ejusdem
288 1751 434 1848 generis
446 1762 579 1840 essent,
590 1774 699 1847 quam
713 1750 938 1824 authoritate
952 1751 1067 1824 Cluvii
1078 1763 1154 1825 tam

113 1864 316 1940 absurdum
334 1863 469 1960 dogma
485 1862 671 1936 docuisse?
995 1870 997 1876 ’

163 1978 317 2065 Rursus,
335 1976 434 2072 quod
450 2000 625 2050 uumerus
650 1978 829 2050 linearum
857 1977 894 2050 in
913 1977 1072 2074 seipsum
1096 1978 1155 2052 vel

111 2091 224 2165 alium
254 2115 448 2164 numerum
478 2090 656 2164 linearum
686 2091 950 2186 multiplicatus
983 2092 1155 2187 producit

113 2204 357 2301 superficiem,
372 2226 495 2277 nonne
512 2214 568 2277 est
585 2214 714 2276 contra
730 2203 853 2276 lumen
865 2205 1027 2278 naturae?
1055 2204 1156 2279 Quid

112 2328 172 2390 est
197 2315 310 2405 aliud,
327 2314 583 2411 multiplicatio
603 2314 729 2388 decem
755 2314 934 2389 linearum
964 2317 1003 2389 in
1028 2316 1155 2390 decem

112 2431 242 2518 lineas,
261 2453 369 2526 quam
387 2428 515 2501 decem
540 2428 656 2502 lineas
674 2428 795 2501 decies
821 2431 1042 2503 numerare?
1094 2431 1155 2504 Α1

112 2543 280 2616 dicemus
297 2542 407 2615 linies
434 2541 567 2615 lineam
584 2542 788 2638 producere
805 2542 973 2638 aliquid?
1024 2544 1153 2618 Indoc-

112 2669 175 2729 tus
198 2680 318 2743 nemo,
336 2655 405 2728 etsi
430 2678 515 2727 oves
543 2679 626 2728 1111
651 2655 783 2751 saepius
809 2669 988 2745 numerat,
1007 2679 1155 2752 sperare

111 2782 239 2866 potest
255 2781 296 2842 11
313 2768 365 2841 111
382 2779 581 2840 numeratae
594 2779 737 2841 mutent
754 2769 911 2863 speciem
930 2781 968 2842 et
983 2771 1075 2842 fiant
1092 2771 1154 2843 bo-

115 2906 190 2956 ves.
243 2881 330 2956 Non
348 2893 435 2954 1111
452 2880 531 2954 haec
549 2880 707 2972 subtilia,
727 2881 791 2953 sed
808 2882 976 2955 absurda.
1032 2883 1156 2956 Quan-

113 3019 226 3092 quam
242 2994 490 3090 Oughtredus‚
505 2993 625 3081 Victa,
644 2994 969 3089 Regiomontanus,
985 2996 1156 3091 Coperrri·

113 3132 192 3200 cns,
221 3106 365 3202 etipse
394 3105 504 3179 semel
535 3105 774 3180 Archimedes
808 3108 924 3181 latera
956 3110 1156 3206 figurarum

112 3221 253 3295 frustra
282 3219 444 3293 numeris
474 3220 656 3315 explicare
687 3231 944 3295 tentaverunt:
970 3246 1157 3319 nunquam

113 3347 240 3410 tamen
257 3334 462 3408 docuerunt
479 3334 642 3406 radicem
659 3335 803 3407 numeri
822 3357 901 3407 esse
917 3336 1043 3431 figura
1069 3360 1157 3430 qua-

115 3448 232 3522 dratae
248 3448 356 3535 latus,
374 3470 443 3520 uec
470 3447 710 3544 geometriam
741 3447 958 3544 dependere,
976 3461 1019 3522 ut
1049 3449 1158 3522 docet

114 3562 313 3649 wallisius,
331 3560 377 3634 ab
395 3560 638 3650 arithmetica,
649 3584 770 3658 neque
784 3584 976 3634 numerum
995 3585 1157 3659 essequo

114 3675 208 3752 nihil
224 3684 448 3749 numeratur.

166 3791 368 3875 Postremo,
386 3786 476 3883 quid
499 3798 574 3859 tam
593 3797 722 3860 contra
748 3787 871 3861 lumen
891 3788 1059 3862 naturale
1089 3789 1157 3861 im-

115 3903 318 3978 mediatum
336 3923 413 3973 esse
425 3909 547 3995 potest
565 3912 629 3973 aut
646 3900 859 3989 absurdum,
879 3926 990 3998 quam
1009 3902 1046 3973 in
1065 3901 1158 3974 serie

115 4030 338 4116 quantorum
356 4013 501 4085 infinita
518 4011 645 4087 datum
659 4013 782 4086 dicere
800 4038 877 4086 esse
888 4014 1075 4087 ultimum:
1094 4025 1159 4087 aut

114 4133 153 4205 in
169 4129 320 4227 publico
338 4124 544 4220 professore
560 4127 750 4221 puerilius,
769 4150 878 4222 quam
895 4151 962 4222 per
979 4126 1159 4220 irfiaitum

114 4244 323 4340 intelligere
350 4262 389 4310 se
417 4238 538 4312 dicere
566 4239 792 4333 indefinitam
816 4251 879 4311 ant
901 4250 1077 4336 quantum
1103 4249 1160 4312 est

107 4354 308 4458 possibile,
327 4375 412 4426 cum
429 4351 459 4426 si
477 4352 529 4427 sio
547 4351 708 4443 dixisset,
727 4352 765 4424 id
789 4352 887 4447 quod
908 4352 1158 4427 demonstrare
