2932 5054
392 476 577 536 Anauon
596 475 864 530 auonararca
887 473 974 526 unc.
1130 459 1197 525 201

165 641 416 737 geometriam,
435 654 521 714 sunt
537 643 722 738 praecipue
735 640 901 714 surditas
914 662 1152 728 numerorum,
1165 650 1203 711 et
1254 662 1322 703 car.
1336 661 1368 701 x.

167 754 362 852 longitudo
375 754 454 827 aiae
468 753 675 845 latitudine,
687 766 724 828 et
737 753 897 828 latitudo
909 753 991 825 aine
1008 750 1201 826 crassitie:
1216 729 1415 846 Mffiffi,

167 880 204 939 et
221 888 337 962 nuper
347 865 560 938 introducta
573 866 740 939 doctrina
742 865 977 963 fractionem
990 887 1073 937 esre
1085 862 1204 935 ratio·
1214 875 1415 977 {gamm-

165 1003 255 1067 nem,
273 979 377 1075 quasi
395 978 587 1053 dimidium
604 992 701 1053 esset
726 979 820 1053 ratio
839 977 980 1051 dimidii
997 976 1045 1050 ad
1072 985 1202 1050 totum.

587 1448 691 1521 CAP.
719 1447 787 1521 XI.

479 1622 540 1695 De
556 1622 878 1696 demonstratione.

165 1772 226 1845 Dn
258 1771 568 1846 demonstratione
593 1773 753 1847 dubitari
778 1772 896 1869 primo
924 1779 1057 1868 potest,
1079 1781 1204 1842 utrum

165 1884 355 1958 scientiam
369 1898 544 1981 sequatur
560 1911 608 1959 an
625 1885 832 1960 antecedat.
875 1883 1117 1972 Antecedere,
1128 1883 1204 1980 ple·
1242 1919 1244 1923 Α

163 1998 267 2097 rique
286 1998 435 2071 dicunt:
462 2023 548 2072 nam
563 1998 825 2073 demonstratio
842 2009 906 2072 aut
921 1997 1123 2071 scientifica
1139 2006 1204 2070 aut

163 2137 260 2186 vana
277 2125 355 2186 est:
382 2124 438 2185 est
455 2136 544 2209 ergo
561 2113 714 2187 scientia
731 2137 842 2187 eausa
858 2112 1031 2197 efficiens,
1042 2120 1079 2183 et
1095 2132 1202 2206 prop·

164 2236 267 2299 terea
291 2227 463 2299 effectum
487 2226 683 2300 antecedit.
737 2224 1022 2300 Concedeudum
1040 2246 1128 2318 ergo
1146 2234 1204 2295 est

165 2337 517 2412 demonstrationem
534 2339 702 2434 magistri
719 2339 908 2412 scientiam
922 2337 1088 2434 discipuli
1101 2348 1205 2409 ante·

166 2450 315 2524 cedere:
341 2451 406 2524 sed
423 2451 514 2524 nihil
531 2452 699 2548 amplius.
730 2452 868 2525 Verum
884 2452 1000 2549 siqua
1017 2448 1204 2524 conclusio

165 2588 187 2636 a
204 2565 331 2660 quovis
348 2564 497 2637 homine
513 2564 626 2638 fuerit
643 2564 904 2653 demonstrata,
919 2564 1037 2661 primo
1055 2585 1204 2635 necesse

166 2688 221 2749 est
238 2689 280 2750 ut
296 2678 488 2752 veritatem
505 2680 584 2775 ejus
608 2679 823 2774 cognoverit
840 2690 1039 2774 antequam
1055 2689 1119 2750 ant
1136 2675 1205 2750 sibi

165 2799 230 2862 aut
247 2789 326 2862 aliis
343 2814 423 2863 eam
445 2792 626 2887 potuisset
649 2790 912 2864 demonstrare.
964 2790 1083 2863 Nemo
1106 2789 1206 2862 enim

165 2901 415 2976 demonstrare
443 2903 481 2977 id
509 2916 644 3000 potest,
662 2904 761 2999 quod
779 2927 906 2997 verum
930 2927 977 2976 an
1004 2902 1137 2976 falsum
1157 2901 1206 2975 sit

164 3015 323 3110 ignorat.
374 3015 611 3089 Manifestum
629 3040 718 3112 ergo
736 3027 792 3088 est
809 3015 1121 3089 demonstratione
1138 3013 1204 3086 sei-

166 3128 303 3201 entiam
321 3141 453 3203 uatura
470 3153 536 3202 sua
552 3130 711 3225 priorem
729 3153 818 3202 esse.

164 3290 169 3300 -
216 3242 386 3315 Secundo
416 3244 530 3338 quaeri
560 3255 692 3339 potest,
711 3268 795 3316 cum
822 3244 1022 3339 geometria
1045 3243 1206 3316 humano

165 3355 290 3450 generi
317 3379 460 3451 magnae
488 3357 536 3428 sit
562 3356 731 3429 utilitatis
758 3371 795 3429 et
815 3356 964 3429 maximi
987 3356 1204 3444 ornamenti,

166 3468 297 3562 quibus
313 3470 498 3565 praecipue
523 3468 731 3542 hominibus
754 3470 892 3542 bonum
909 3480 1054 3541 tantum
1073 3469 1205 3542 debea-

166 3603 259 3669 mus,
287 3580 638 3655 demonstratoribus
667 3606 715 3655 an
746 3581 1202 3656 non-demonstratoribus.

167 3693 314 3766 Certum
335 3706 390 3767 est
407 3693 518 3790 longo
543 3706 708 3791 tempore
734 3708 820 3767 ante
837 3694 1027 3768 Euclidem
1046 3695 1206 3769 maxima

165 3819 277 3902 atque
311 3807 615 3881 artificiocissima
650 3821 861 3882 constructa
890 3808 1001 3882 fuisse
1036 3808 1203 3898 aedificia,

164 3931 306 3992 turrem
337 3918 494 4008 Babelis,
512 3919 720 4016 pyramides
737 3921 940 4018 AEgyptias‚
965 3945 1090 3995 muros
1117 3920 1204 3994 hor-

166 4044 295 4128 tosque
313 4034 350 4106 in
366 4032 553 4129 Babylone
571 4035 871 4124 mirabilissimoS,
884 4037 1021 4129 regiam
1034 4034 1203 4124 Persidis,

166 4144 329 4240 aliaque:
356 4146 444 4218 item
472 4159 659 4220 ostensum
688 4146 920 4242 horologium
947 4146 1065 4220 solare
1091 4147 1205 4220 Lace-

167 4256 331 4331 daemone
349 4259 519 4354 primum.
562 4260 684 4357 Opera
699 4261 777 4333 haec
790 4261 981 4334 scientiam
998 4261 1075 4334 sine
1093 4261 1204 4334 dubio

166 4372 422 4467 requirebant:
449 4372 594 4447 illorum
622 4385 745 4448 tamen
769 4385 916 4448 autores
939 4375 1029 4449 nihil
1054 4374 1203 4449 demon·
