<?xml version="1.0" encoding="UTF-8"?>
<!DOCTYPE html PUBLIC "-//W3C//DTD XHTML 1.0 Transitional//EN"
    "http://www.w3.org/TR/xhtml1/DTD/xhtml1-transitional.dtd">
<html xmlns="http://www.w3.org/1999/xhtml" xml:lang="en" lang="en">
 <head>
  <title>
</title>
<meta http-equiv="Content-Type" content="text/html;charset=utf-8" />
  <meta name='ocr-system' content='tesseract 3.04.00' />
  <meta name='ocr-capabilities' content='ocr_page ocr_carea ocr_par ocr_line ocrx_word'/>
</head>
<body>
  <div class='ocr_page' id='page_1' title='image "./thomhobbesmalme06hobbgoog_0184.png"; bbox 0 0 2932 5054; ppageno 0'>
   <div class='ocr_carea' id='block_1_1' title="bbox 372 439 1189 519">
    <p class='ocr_par' dir='ltr' id='par_1_1' title="bbox 372 439 1189 519">
     <span class='ocr_line' id='line_1_1' title="bbox 372 439 1189 519; baseline -0.002 -8"><span class='ocrx_word' id='word_1_1' title='bbox 372 458 558 519; x_wconf 76' lang='lat' dir='ltr'>enrouor</span> <span class='ocrx_word' id='word_1_2' title='bbox 577 457 849 511; x_wconf 79' lang='lat' dir='ltr'>enomaunrca</span> <span class='ocrx_word' id='word_1_3' title='bbox 868 456 958 510; x_wconf 83' lang='lat' dir='ltr'>arc.</span> <span class='ocrx_word' id='word_1_4' title='bbox 1119 439 1189 518; x_wconf 86' lang='lat'>177</span> 
     </span>
    </p>
   </div>
   <div class='ocr_carea' id='block_1_2' title="bbox 148 625 1404 4542">
    <p class='ocr_par' dir='ltr' id='par_1_2' title="bbox 149 625 1404 1061">
     <span class='ocr_line' id='line_1_2' title="bbox 149 625 1366 722; baseline 0.001 -24"><span class='ocrx_word' id='word_1_5' title='bbox 149 649 194 699; x_wconf 88' lang='lat' dir='ltr'>ea</span> <span class='ocrx_word' id='word_1_6' title='bbox 216 625 366 701; x_wconf 88' lang='lat' dir='ltr'>dimidia</span> <span class='ocrx_word' id='word_1_7' title='bbox 391 625 531 700; x_wconf 89' lang='lat' dir='ltr'>chorda</span> <span class='ocrx_word' id='word_1_8' title='bbox 556 649 663 699; x_wconf 85' lang='lat' dir='ltr'>arcus</span> <span class='ocrx_word' id='word_1_9' title='bbox 686 625 745 715; x_wconf 82' lang='lat' dir='ltr'>Bi,</span> <span class='ocrx_word' id='word_1_10' title='bbox 763 635 802 699; x_wconf 88' lang='lat' dir='ltr'>et</span> <span class='ocrx_word' id='word_1_11' title='bbox 823 637 955 722; x_wconf 89' lang='lat' dir='ltr'>quarta</span> <span class='ocrx_word' id='word_1_12' title='bbox 975 648 1060 721; x_wconf 87' lang='lat' dir='ltr'>pars</span> <span class='ocrx_word' id='word_1_13' title='bbox 1077 635 1189 699; x_wconf 89' lang='lat' dir='ltr'>rectae</span> <span class='ocrx_word' id='word_1_14' title='bbox 1243 646 1366 689; x_wconf 71' lang='lat' dir='ltr'>enan.</span> 
     </span>
     <span class='ocr_line' id='line_1_3' title="bbox 149 713 1404 836; baseline -0.001 -23"><span class='ocrx_word' id='word_1_15' title='bbox 149 739 226 814; x_wconf 79' lang='lat' dir='ltr'>Ar.</span> <span class='ocrx_word' id='word_1_16' title='bbox 276 739 399 814; x_wconf 92' lang='lat' dir='ltr'>Ducta</span> <span class='ocrx_word' id='word_1_17' title='bbox 415 764 503 836; x_wconf 86' lang='lat' dir='ltr'>ergo</span> <span class='ocrx_word' id='word_1_18' title='bbox 522 739 600 826; x_wconf 90' lang='lat' dir='ltr'>NL,</span> <span class='ocrx_word' id='word_1_19' title='bbox 615 751 653 812; x_wconf 92' lang='lat' dir='ltr'>et</span> <span class='ocrx_word' id='word_1_20' title='bbox 669 739 862 835; x_wconf 87' lang='lat' dir='ltr'>producta,</span> <span class='ocrx_word' id='word_1_21' title='bbox 880 738 1051 812; x_wconf 82' lang='lat' dir='ltr'>transibit</span> <span class='ocrx_word' id='word_1_22' title='bbox 1066 761 1133 834; x_wconf 89' lang='lat' dir='ltr'>per</span> <span class='ocrx_word' id='word_1_23' title='bbox 1150 762 1189 810; x_wconf 85' lang='lat' dir='ltr'>e:</span> <span class='ocrx_word' id='word_1_24' title='bbox 1203 713 1404 834; x_wconf 50' lang='grc' dir='ltr'>Μᾙω.</span> 
     </span>
     <span class='ocr_line' id='line_1_4' title="bbox 149 842 1403 954; baseline 0 -30"><span class='ocrx_word' id='word_1_25' title='bbox 149 852 375 949; x_wconf 78' lang='lat' dir='ltr'>producatur</span> <span class='ocrx_word' id='word_1_26' title='bbox 398 863 522 927; x_wconf 88' lang='lat' dir='ltr'>autem</span> <span class='ocrx_word' id='word_1_27' title='bbox 545 853 592 926; x_wconf 86' lang='lat' dir='ltr'>ad</span> <span class='ocrx_word' id='word_1_28' title='bbox 621 853 690 925; x_wconf 92' lang='lat' dir='ltr'>BH</span> <span class='ocrx_word' id='word_1_29' title='bbox 715 852 754 924; x_wconf 94' lang='lat' dir='ltr'>in</span> <span class='ocrx_word' id='word_1_30' title='bbox 778 852 816 925; x_wconf 90' lang='lat' dir='ltr'>P.</span> <span class='ocrx_word' id='word_1_31' title='bbox 868 853 967 947; x_wconf 86' lang='lat' dir='ltr'>Ergo</span> <span class='ocrx_word' id='word_1_32' title='bbox 993 875 1099 923; x_wconf 89' lang='lat' dir='ltr'>arcus</span> <span class='ocrx_word' id='word_1_33' title='bbox 1124 851 1191 924; x_wconf 92' lang='lat' dir='ltr'>KL</span> <span class='ocrx_word' id='word_1_34' title='bbox 1202 843 1306 954; x_wconf 53' lang='lat' dir='ltr'>{ff</span> <span class='ocrx_word' id='word_1_35' title='bbox 1314 842 1403 889; x_wconf 67' lang='lat'>&#39;&#39;⁶³⁰¹&#39;&#39;</span> 
     </span>
     <span class='ocr_line' id='line_1_5' title="bbox 149 964 1192 1061; baseline 0 -23"><span class='ocrx_word' id='word_1_36' title='bbox 149 966 298 1061; x_wconf 73' lang='lat' dir='ltr'>aqualis</span> <span class='ocrx_word' id='word_1_37' title='bbox 320 981 377 1039; x_wconf 88' lang='lat' dir='ltr'>est</span> <span class='ocrx_word' id='word_1_38' title='bbox 403 969 505 1040; x_wconf 85' lang='lat' dir='ltr'>arcui</span> <span class='ocrx_word' id='word_1_39' title='bbox 533 965 595 1038; x_wconf 87' lang='lat' dir='ltr'>Be.</span> <span class='ocrx_word' id='word_1_40' title='bbox 648 965 837 1052; x_wconf 84' lang='lat' dir='ltr'>Similiter,</span> <span class='ocrx_word' id='word_1_41' title='bbox 862 965 892 1037; x_wconf 88' lang='lat' dir='ltr'>si</span> <span class='ocrx_word' id='word_1_42' title='bbox 918 965 992 1038; x_wconf 85' lang='lat' dir='ltr'>MT</span> <span class='ocrx_word' id='word_1_43' title='bbox 1010 964 1126 1038; x_wconf 89' lang='lat' dir='ltr'>divisa</span> <span class='ocrx_word' id='word_1_44' title='bbox 1143 965 1192 1038; x_wconf 89' lang='lat' dir='ltr'>sit</span> 
     </span>
    </p>

    <p class='ocr_par' dir='ltr' id='par_1_3' title="bbox 148 1078 1192 1174">
     <span class='ocr_line' id='line_1_6' title="bbox 148 1078 1192 1174; baseline 0.002 -24"><span class='ocrx_word' id='word_1_45' title='bbox 148 1078 318 1151; x_wconf 83' lang='lat' dir='ltr'>bifariam</span> <span class='ocrx_word' id='word_1_46' title='bbox 336 1079 373 1152; x_wconf 88' lang='lat' dir='ltr'>in</span> <span class='ocrx_word' id='word_1_47' title='bbox 391 1080 440 1168; x_wconf 91' lang='lat' dir='ltr'>X,</span> <span class='ocrx_word' id='word_1_48' title='bbox 452 1079 563 1152; x_wconf 86' lang='lat' dir='ltr'>ducta</span> <span class='ocrx_word' id='word_1_49' title='bbox 576 1079 650 1152; x_wconf 90' lang='lat' dir='ltr'>NX</span> <span class='ocrx_word' id='word_1_50' title='bbox 665 1091 702 1151; x_wconf 91' lang='lat' dir='ltr'>et</span> <span class='ocrx_word' id='word_1_51' title='bbox 716 1078 897 1174; x_wconf 89' lang='lat' dir='ltr'>producta</span> <span class='ocrx_word' id='word_1_52' title='bbox 909 1078 1048 1151; x_wconf 82' lang='lat' dir='ltr'>secabit</span> <span class='ocrx_word' id='word_1_53' title='bbox 1064 1101 1192 1152; x_wconf 90' lang='lat' dir='ltr'>arcum</span> 
     </span>
    </p>

    <p class='ocr_par' dir='ltr' id='par_1_4' title="bbox 150 1191 1193 1402">
     <span class='ocr_line' id='line_1_7' title="bbox 150 1191 1192 1289; baseline 0 -25"><span class='ocrx_word' id='word_1_54' title='bbox 150 1191 214 1266; x_wconf 89' lang='lat' dir='ltr'>BG</span> <span class='ocrx_word' id='word_1_55' title='bbox 231 1191 306 1264; x_wconf 91' lang='lat' dir='ltr'>ino</span> <span class='ocrx_word' id='word_1_56' title='bbox 324 1192 377 1265; x_wconf 92' lang='lat' dir='ltr'>ita</span> <span class='ocrx_word' id='word_1_57' title='bbox 393 1203 435 1266; x_wconf 89' lang='lat' dir='ltr'>ut</span> <span class='ocrx_word' id='word_1_58' title='bbox 448 1193 502 1266; x_wconf 92' lang='lat' dir='ltr'>oG</span> <span class='ocrx_word' id='word_1_59' title='bbox 514 1193 563 1266; x_wconf 91' lang='lat' dir='ltr'>sit</span> <span class='ocrx_word' id='word_1_60' title='bbox 576 1203 707 1289; x_wconf 86' lang='lat' dir='ltr'>quarta</span> <span class='ocrx_word' id='word_1_61' title='bbox 723 1215 808 1288; x_wconf 87' lang='lat' dir='ltr'>pars</span> <span class='ocrx_word' id='word_1_62' title='bbox 821 1216 928 1264; x_wconf 89' lang='lat' dir='ltr'>arcus</span> <span class='ocrx_word' id='word_1_63' title='bbox 943 1192 1018 1279; x_wconf 91' lang='lat' dir='ltr'>BG,</span> <span class='ocrx_word' id='word_1_64' title='bbox 1033 1204 1072 1266; x_wconf 89' lang='lat' dir='ltr'>et</span> <span class='ocrx_word' id='word_1_65' title='bbox 1085 1216 1192 1266; x_wconf 89' lang='lat' dir='ltr'>arcus</span> 
     </span>
     <span class='ocr_line' id='line_1_8' title="bbox 150 1304 1193 1402; baseline 0.001 -25"><span class='ocrx_word' id='word_1_66' title='bbox 150 1304 399 1400; x_wconf 85' lang='lat' dir='ltr'>quadrantalis</span> <span class='ocrx_word' id='word_1_67' title='bbox 413 1306 483 1379; x_wconf 91' lang='lat' dir='ltr'>VX</span> <span class='ocrx_word' id='word_1_68' title='bbox 501 1305 650 1402; x_wconf 87' lang='lat' dir='ltr'>aequalis</span> <span class='ocrx_word' id='word_1_69' title='bbox 668 1306 739 1378; x_wconf 90' lang='lat' dir='ltr'>erit</span> <span class='ocrx_word' id='word_1_70' title='bbox 757 1305 858 1378; x_wconf 89' lang='lat' dir='ltr'>arcui</span> <span class='ocrx_word' id='word_1_71' title='bbox 876 1305 941 1378; x_wconf 90' lang='lat' dir='ltr'>Bo.</span> <span class='ocrx_word' id='word_1_72' title='bbox 977 1307 1026 1378; x_wconf 85' lang='lat' dir='ltr'>Et</span> <span class='ocrx_word' id='word_1_73' title='bbox 1043 1306 1096 1379; x_wconf 89' lang='lat' dir='ltr'>sic</span> <span class='ocrx_word' id='word_1_74' title='bbox 1112 1329 1193 1402; x_wconf 90' lang='lat' dir='ltr'>per·</span> 
     </span>
    </p>

    <p class='ocr_par' dir='ltr' id='par_1_5' title="bbox 149 1418 1192 1515">
     <span class='ocr_line' id='line_1_9' title="bbox 149 1418 1192 1515; baseline 0.004 -26"><span class='ocrx_word' id='word_1_75' title='bbox 149 1427 275 1512; x_wconf 88' lang='lat' dir='ltr'>petuo.</span> <span class='ocrx_word' id='word_1_76' title='bbox 328 1419 452 1492; x_wconf 86' lang='lat' dir='ltr'>Rectae</span> <span class='ocrx_word' id='word_1_77' title='bbox 481 1419 594 1515; x_wconf 85' lang='lat' dir='ltr'>igitur</span> <span class='ocrx_word' id='word_1_78' title='bbox 621 1443 703 1514; x_wconf 87' lang='lat' dir='ltr'>quae</span> <span class='ocrx_word' id='word_1_79' title='bbox 732 1418 918 1491; x_wconf 88' lang='lat' dir='ltr'>ducuntur</span> <span class='ocrx_word' id='word_1_80' title='bbox 945 1443 967 1491; x_wconf 92' lang='lat' dir='ltr'>a</span> <span class='ocrx_word' id='word_1_81' title='bbox 993 1432 1132 1515; x_wconf 88' lang='lat' dir='ltr'>puncto</span> <span class='ocrx_word' id='word_1_82' title='bbox 1156 1420 1192 1493; x_wconf 95' lang='lat' dir='ltr'>N</span> 
     </span>
    </p>

    <p class='ocr_par' dir='ltr' id='par_1_6' title="bbox 152 1528 1194 1630">
     <span class='ocr_line' id='line_1_10' title="bbox 152 1528 1194 1630; baseline 0.004 -28"><span class='ocrx_word' id='word_1_83' title='bbox 152 1528 318 1604; x_wconf 88' lang='lat' dir='ltr'>divident</span> <span class='ocrx_word' id='word_1_84' title='bbox 347 1542 427 1605; x_wconf 91' lang='lat' dir='ltr'>tum</span> <span class='ocrx_word' id='word_1_85' title='bbox 457 1545 577 1606; x_wconf 86' lang='lat' dir='ltr'>rectas</span> <span class='ocrx_word' id='word_1_86' title='bbox 598 1531 673 1625; x_wconf 79' lang='lat' dir='ltr'>AT,</span> <span class='ocrx_word' id='word_1_87' title='bbox 702 1531 769 1630; x_wconf 78' lang='lat' dir='ltr'>Bp,</span> <span class='ocrx_word' id='word_1_88' title='bbox 796 1542 876 1604; x_wconf 91' lang='lat' dir='ltr'>tum</span> <span class='ocrx_word' id='word_1_89' title='bbox 902 1556 1028 1604; x_wconf 91' lang='lat' dir='ltr'>arcum</span> <span class='ocrx_word' id='word_1_90' title='bbox 1053 1532 1128 1623; x_wconf 88' lang='lat' dir='ltr'>BG,</span> <span class='ocrx_word' id='word_1_91' title='bbox 1154 1533 1194 1606; x_wconf 91' lang='lat' dir='ltr'>in</span> 
     </span>
    </p>

    <p class='ocr_par' dir='ltr' id='par_1_7' title="bbox 152 1642 495 1718">
     <span class='ocr_line' id='line_1_11' title="bbox 152 1642 495 1718; baseline 0.012 -4"><span class='ocrx_word' id='word_1_92' title='bbox 152 1642 299 1717; x_wconf 86' lang='lat' dir='ltr'>easdem</span> <span class='ocrx_word' id='word_1_93' title='bbox 322 1644 495 1718; x_wconf 83' lang='lat' dir='ltr'>rationes.</span> 
     </span>
    </p>

    <p class='ocr_par' dir='ltr' id='par_1_8' title="bbox 152 1755 1199 2419">
     <span class='ocr_line' id='line_1_12' title="bbox 202 1755 1194 1854; baseline 0.001 -24"><span class='ocrx_word' id='word_1_94' title='bbox 202 1756 242 1830; x_wconf 87' lang='lat' dir='ltr'>Si</span> <span class='ocrx_word' id='word_1_95' title='bbox 276 1779 365 1852; x_wconf 88' lang='lat' dir='ltr'>ergo</span> <span class='ocrx_word' id='word_1_96' title='bbox 397 1755 552 1830; x_wconf 89' lang='lat' dir='ltr'>bisectio</span> <span class='ocrx_word' id='word_1_97' title='bbox 581 1756 819 1830; x_wconf 87' lang='lat' dir='ltr'>continuetur</span> <span class='ocrx_word' id='word_1_98' title='bbox 846 1767 1026 1854; x_wconf 87' lang='lat' dir='ltr'>quantum</span> <span class='ocrx_word' id='word_1_99' title='bbox 1059 1768 1194 1854; x_wconf 86' lang='lat' dir='ltr'>potest,</span> 
     </span>
     <span class='ocr_line' id='line_1_13' title="bbox 152 1869 1196 1967; baseline 0.004 -27"><span class='ocrx_word' id='word_1_100' title='bbox 152 1869 387 1965; x_wconf 82' lang='lat' dir='ltr'>pervenietur</span> <span class='ocrx_word' id='word_1_101' title='bbox 398 1869 548 1943; x_wconf 85' lang='lat' dir='ltr'>tandem</span> <span class='ocrx_word' id='word_1_102' title='bbox 559 1870 606 1943; x_wconf 88' lang='lat' dir='ltr'>ad</span> <span class='ocrx_word' id='word_1_103' title='bbox 616 1893 743 1942; x_wconf 89' lang='lat' dir='ltr'>arcum</span> <span class='ocrx_word' id='word_1_104' title='bbox 756 1870 883 1943; x_wconf 89' lang='lat' dir='ltr'>circuli</span> <span class='ocrx_word' id='word_1_105' title='bbox 894 1870 1072 1943; x_wconf 89' lang='lat' dir='ltr'>minorem</span> <span class='ocrx_word' id='word_1_106' title='bbox 1086 1895 1196 1967; x_wconf 89' lang='lat' dir='ltr'>quam</span> 
     </span>
     <span class='ocr_line' id='line_1_14' title="bbox 154 1981 1196 2080; baseline 0 -25"><span class='ocrx_word' id='word_1_107' title='bbox 154 1994 211 2055; x_wconf 89' lang='lat' dir='ltr'>est</span> <span class='ocrx_word' id='word_1_108' title='bbox 227 1983 384 2057; x_wconf 90' lang='lat' dir='ltr'>latitudo</span> <span class='ocrx_word' id='word_1_109' title='bbox 401 1983 519 2074; x_wconf 88' lang='lat' dir='ltr'>lineae,</span> <span class='ocrx_word' id='word_1_110' title='bbox 535 1984 610 2056; x_wconf 92' lang='lat' dir='ltr'>sive</span> <span class='ocrx_word' id='word_1_111' title='bbox 626 1983 752 2056; x_wconf 88' lang='lat' dir='ltr'>lateris</span> <span class='ocrx_word' id='word_1_112' title='bbox 770 1981 851 2056; x_wconf 88' lang='grc' dir='ltr'>ΑΒ.</span> <span class='ocrx_word' id='word_1_113' title='bbox 878 1984 984 2072; x_wconf 91' lang='lat' dir='ltr'>Item,</span> <span class='ocrx_word' id='word_1_114' title='bbox 996 2007 1062 2080; x_wconf 85' lang='lat' dir='ltr'>per</span> <span class='ocrx_word' id='word_1_115' title='bbox 1073 2008 1196 2080; x_wconf 83' lang='lat' dir='ltr'>capr,</span> 
     </span>
     <span class='ocr_line' id='line_1_15' title="bbox 154 2095 1197 2192; baseline 0.001 -23"><span class='ocrx_word' id='word_1_116' title='bbox 154 2120 254 2170; x_wconf 92' lang='lat' dir='ltr'>num.</span> <span class='ocrx_word' id='word_1_117' title='bbox 266 2105 303 2185; x_wconf 87' lang='lat'>9,</span> <span class='ocrx_word' id='word_1_118' title='bbox 321 2097 417 2171; x_wconf 86' lang='lat' dir='ltr'>ratio</span> <span class='ocrx_word' id='word_1_119' title='bbox 435 2121 542 2171; x_wconf 88' lang='lat' dir='ltr'>arcus</span> <span class='ocrx_word' id='word_1_120' title='bbox 565 2097 613 2170; x_wconf 87' lang='lat' dir='ltr'>ad</span> <span class='ocrx_word' id='word_1_121' title='bbox 638 2095 814 2169; x_wconf 84' lang='lat' dir='ltr'>chordam</span> <span class='ocrx_word' id='word_1_122' title='bbox 841 2120 984 2192; x_wconf 91' lang='lat' dir='ltr'>semper</span> <span class='ocrx_word' id='word_1_123' title='bbox 1005 2095 1197 2170; x_wconf 88' lang='lat' dir='ltr'>decrescit.</span> 
     </span>
     <span class='ocr_line' id='line_1_16' title="bbox 156 2208 1199 2284; baseline -0.001 0"><span class='ocrx_word' id='word_1_124' title='bbox 156 2210 281 2284; x_wconf 82' lang='lat' dir='ltr'>Quare</span> <span class='ocrx_word' id='word_1_125' title='bbox 295 2209 501 2284; x_wconf 85' lang='lat' dir='ltr'>differentia</span> <span class='ocrx_word' id='word_1_126' title='bbox 517 2234 624 2284; x_wconf 88' lang='lat' dir='ltr'>arcus</span> <span class='ocrx_word' id='word_1_127' title='bbox 638 2208 687 2282; x_wconf 83' lang='lat' dir='ltr'>ad</span> <span class='ocrx_word' id='word_1_128' title='bbox 704 2233 805 2281; x_wconf 86' lang='lat' dir='ltr'>suam</span> <span class='ocrx_word' id='word_1_129' title='bbox 820 2209 997 2283; x_wconf 92' lang='lat' dir='ltr'>chordam</span> <span class='ocrx_word' id='word_1_130' title='bbox 1010 2210 1199 2283; x_wconf 86' lang='lat' dir='ltr'>decrescet</span> 
     </span>
     <span class='ocr_line' id='line_1_17' title="bbox 155 2322 1198 2419; baseline -0.001 -22"><span class='ocrx_word' id='word_1_131' title='bbox 155 2323 267 2397; x_wconf 87' lang='lat' dir='ltr'>etiam</span> <span class='ocrx_word' id='word_1_132' title='bbox 278 2322 640 2397; x_wconf 84' lang='lat' dir='ltr'>donecminorfuerit</span> <span class='ocrx_word' id='word_1_133' title='bbox 651 2323 750 2395; x_wconf 91' lang='lat' dir='ltr'>omni</span> <span class='ocrx_word' id='word_1_134' title='bbox 758 2322 964 2395; x_wconf 89' lang='lat' dir='ltr'>differentia</span> <span class='ocrx_word' id='word_1_135' title='bbox 974 2322 1198 2419; x_wconf 83' lang='lat' dir='ltr'>assignabili.</span> 
     </span>
    </p>

    <p class='ocr_par' dir='ltr' id='par_1_9' title="bbox 153 2436 1203 4113">
     <span class='ocr_line' id='line_1_18' title="bbox 205 2436 1198 2533; baseline -0.001 -23"><span class='ocrx_word' id='word_1_136' title='bbox 205 2436 444 2533; x_wconf 88' lang='lat' dir='ltr'>Supponatur</span> <span class='ocrx_word' id='word_1_137' title='bbox 457 2461 545 2532; x_wconf 85' lang='lat' dir='ltr'>ergo</span> <span class='ocrx_word' id='word_1_138' title='bbox 559 2449 750 2531; x_wconf 86' lang='lat' dir='ltr'>segmento</span> <span class='ocrx_word' id='word_1_139' title='bbox 762 2436 914 2508; x_wconf 91' lang='lat' dir='ltr'>minimo</span> <span class='ocrx_word' id='word_1_140' title='bbox 928 2436 1104 2533; x_wconf 87' lang='lat' dir='ltr'>aequalem</span> <span class='ocrx_word' id='word_1_141' title='bbox 1118 2460 1198 2510; x_wconf 91' lang='lat' dir='ltr'>esse</span> 
     </span>
     <span class='ocr_line' id='line_1_19' title="bbox 155 2548 1199 2646; baseline 0.001 -24"><span class='ocrx_word' id='word_1_142' title='bbox 155 2549 389 2623; x_wconf 87' lang='lat' dir='ltr'>latitudinem</span> <span class='ocrx_word' id='word_1_143' title='bbox 419 2550 513 2623; x_wconf 87' lang='lat' dir='ltr'>radii</span> <span class='ocrx_word' id='word_1_144' title='bbox 532 2548 612 2637; x_wconf 87' lang='lat' dir='ltr'>AB,</span> <span class='ocrx_word' id='word_1_145' title='bbox 643 2548 702 2621; x_wconf 90' lang='lat' dir='ltr'>vel</span> <span class='ocrx_word' id='word_1_146' title='bbox 732 2549 853 2622; x_wconf 91' lang='lat' dir='ltr'>minor</span> <span class='ocrx_word' id='word_1_147' title='bbox 880 2549 960 2622; x_wconf 89' lang='lat' dir='ltr'>illa:</span> <span class='ocrx_word' id='word_1_148' title='bbox 995 2550 1199 2646; x_wconf 87' lang='lat' dir='ltr'>(nunquam</span> 
     </span>
     <span class='ocr_line' id='line_1_20' title="bbox 156 2660 1200 2754; baseline 0.001 -21"><span class='ocrx_word' id='word_1_149' title='bbox 156 2673 280 2734; x_wconf 90' lang='lat' dir='ltr'>autem</span> <span class='ocrx_word' id='word_1_150' title='bbox 297 2663 361 2735; x_wconf 86' lang='lat' dir='ltr'>fiet</span> <span class='ocrx_word' id='word_1_151' title='bbox 377 2661 587 2751; x_wconf 90' lang='lat' dir='ltr'>bisecando,</span> <span class='ocrx_word' id='word_1_152' title='bbox 602 2674 644 2735; x_wconf 90' lang='lat' dir='ltr'>ut</span> <span class='ocrx_word' id='word_1_153' title='bbox 657 2661 854 2734; x_wconf 89' lang='lat' dir='ltr'>reducatur</span> <span class='ocrx_word' id='word_1_154' title='bbox 868 2660 905 2734; x_wconf 90' lang='lat' dir='ltr'>in</span> <span class='ocrx_word' id='word_1_155' title='bbox 919 2663 1110 2754; x_wconf 84' lang='lat' dir='ltr'>nihilum)=</span> <span class='ocrx_word' id='word_1_156' title='bbox 1129 2663 1200 2735; x_wconf 90' lang='lat' dir='ltr'>erit</span> 
     </span>
     <span class='ocr_line' id='line_1_21' title="bbox 156 2773 1198 2873; baseline 0.001 -26"><span class='ocrx_word' id='word_1_157' title='bbox 156 2774 327 2848; x_wconf 89' lang='lat' dir='ltr'>ultimum</span> <span class='ocrx_word' id='word_1_158' title='bbox 341 2789 378 2849; x_wconf 89' lang='lat' dir='ltr'>et</span> <span class='ocrx_word' id='word_1_159' title='bbox 391 2775 584 2848; x_wconf 88' lang='lat' dir='ltr'>minimum</span> <span class='ocrx_word' id='word_1_160' title='bbox 598 2788 829 2870; x_wconf 85' lang='lat' dir='ltr'>segmentum</span> <span class='ocrx_word' id='word_1_161' title='bbox 846 2774 883 2846; x_wconf 92' lang='lat' dir='ltr'>in</span> <span class='ocrx_word' id='word_1_162' title='bbox 903 2786 1004 2848; x_wconf 88' lang='lat' dir='ltr'>recta</span> <span class='ocrx_word' id='word_1_163' title='bbox 1018 2773 1088 2846; x_wconf 89' lang='lat' dir='ltr'>BH</span> <span class='ocrx_word' id='word_1_164' title='bbox 1101 2774 1148 2847; x_wconf 89' lang='lat' dir='ltr'>ad</span> <span class='ocrx_word' id='word_1_165' title='bbox 1161 2800 1198 2873; x_wconf 88' lang='lat' dir='ltr'>q.</span> 
     </span>
     <span class='ocr_line' id='line_1_22' title="bbox 156 2885 1201 2985; baseline -0.001 -25"><span class='ocrx_word' id='word_1_166' title='bbox 156 2887 206 2960; x_wconf 89' lang='lat' dir='ltr'>Et</span> <span class='ocrx_word' id='word_1_167' title='bbox 223 2889 274 2960; x_wconf 90' lang='lat' dir='ltr'>sic</span> <span class='ocrx_word' id='word_1_168' title='bbox 291 2901 470 2985; x_wconf 91' lang='lat' dir='ltr'>perpetuo</span> <span class='ocrx_word' id='word_1_169' title='bbox 489 2900 680 2984; x_wconf 87' lang='lat' dir='ltr'>segmenta</span> <span class='ocrx_word' id='word_1_170' title='bbox 696 2911 803 2960; x_wconf 89' lang='lat' dir='ltr'>arcus</span> <span class='ocrx_word' id='word_1_171' title='bbox 822 2885 888 2962; x_wconf 86' lang='lat' dir='ltr'>BG</span> <span class='ocrx_word' id='word_1_172' title='bbox 906 2889 1030 2961; x_wconf 89' lang='lat' dir='ltr'>omnia</span> <span class='ocrx_word' id='word_1_173' title='bbox 1046 2887 1201 2984; x_wconf 87' lang='lat' dir='ltr'>aequalie</span> 
     </span>
     <span class='ocr_line' id='line_1_23' title="bbox 153 2999 1201 3097; baseline 0.001 -25"><span class='ocrx_word' id='word_1_174' title='bbox 153 3001 332 3096; x_wconf 88' lang='lat' dir='ltr'>jacebunt</span> <span class='ocrx_word' id='word_1_175' title='bbox 349 3013 502 3074; x_wconf 84' lang='lat' dir='ltr'>extensa</span> <span class='ocrx_word' id='word_1_176' title='bbox 518 3000 556 3073; x_wconf 94' lang='lat' dir='ltr'>in</span> <span class='ocrx_word' id='word_1_177' title='bbox 575 3013 713 3073; x_wconf 91' lang='lat' dir='ltr'>rectam</span> <span class='ocrx_word' id='word_1_178' title='bbox 732 2999 798 3097; x_wconf 86' lang='lat' dir='ltr'>Bq.</span> <span class='ocrx_word' id='word_1_179' title='bbox 835 3001 932 3073; x_wconf 87' lang='lat' dir='ltr'>Nam</span> <span class='ocrx_word' id='word_1_180' title='bbox 946 2999 1001 3096; x_wconf 84' lang='lat' dir='ltr'>Bq</span> <span class='ocrx_word' id='word_1_181' title='bbox 1013 3001 1132 3095; x_wconf 87' lang='lat' dir='ltr'>major</span> <span class='ocrx_word' id='word_1_182' title='bbox 1144 3012 1201 3073; x_wconf 91' lang='lat' dir='ltr'>est</span> 
     </span>
     <span class='ocr_line' id='line_1_24' title="bbox 157 3111 1201 3211; baseline 0 -25"><span class='ocrx_word' id='word_1_183' title='bbox 157 3137 268 3209; x_wconf 87' lang='lat' dir='ltr'>quam</span> <span class='ocrx_word' id='word_1_184' title='bbox 287 3111 337 3202; x_wconf 80' lang='lat' dir='ltr'>ht,</span> <span class='ocrx_word' id='word_1_185' title='bbox 355 3137 435 3209; x_wconf 87' lang='lat' dir='ltr'>quaa</span> <span class='ocrx_word' id='word_1_186' title='bbox 452 3113 602 3211; x_wconf 86' lang='lat' dir='ltr'>aequalis</span> <span class='ocrx_word' id='word_1_187' title='bbox 620 3125 677 3186; x_wconf 91' lang='lat' dir='ltr'>est</span> <span class='ocrx_word' id='word_1_188' title='bbox 695 3113 843 3186; x_wconf 84' lang='lat' dir='ltr'>chordae</span> <span class='ocrx_word' id='word_1_189' title='bbox 860 3137 966 3186; x_wconf 85' lang='lat' dir='ltr'>arcus</span> <span class='ocrx_word' id='word_1_190' title='bbox 984 3111 1060 3188; x_wconf 85' lang='lat' dir='ltr'>BG.</span> <span class='ocrx_word' id='word_1_191' title='bbox 1113 3113 1201 3186; x_wconf 92' lang='lat' dir='ltr'>Pro-</span> 
     </span>
     <span class='ocr_line' id='line_1_25' title="bbox 157 3225 1202 3323; baseline -0.001 -25"><span class='ocrx_word' id='word_1_192' title='bbox 157 3225 314 3299; x_wconf 89' lang='lat' dir='ltr'>ducatur</span> <span class='ocrx_word' id='word_1_193' title='bbox 335 3250 381 3298; x_wconf 87' lang='lat' dir='ltr'>oe</span> <span class='ocrx_word' id='word_1_194' title='bbox 407 3225 456 3298; x_wconf 90' lang='lat' dir='ltr'>ad</span> <span class='ocrx_word' id='word_1_195' title='bbox 476 3249 671 3299; x_wconf 86' lang='lat' dir='ltr'>occursum</span> <span class='ocrx_word' id='word_1_196' title='bbox 695 3250 780 3300; x_wconf 92' lang='lat' dir='ltr'>cum</span> <span class='ocrx_word' id='word_1_197' title='bbox 806 3226 867 3323; x_wconf 87' lang='lat' dir='ltr'>Nq</span> <span class='ocrx_word' id='word_1_198' title='bbox 886 3227 924 3298; x_wconf 87' lang='lat' dir='ltr'>in</span> <span class='ocrx_word' id='word_1_199' title='bbox 942 3251 983 3298; x_wconf 85' lang='lat' dir='ltr'>u:</span> <span class='ocrx_word' id='word_1_200' title='bbox 1010 3239 1048 3298; x_wconf 92' lang='lat' dir='ltr'>et</span> <span class='ocrx_word' id='word_1_201' title='bbox 1066 3226 1135 3298; x_wconf 85' lang='lat' dir='ltr'>erit</span> <span class='ocrx_word' id='word_1_202' title='bbox 1152 3250 1202 3297; x_wconf 82' lang='lat' dir='ltr'>aa</span> 
     </span>
     <span class='ocr_line' id='line_1_26' title="bbox 157 3337 1201 3435; baseline 0 -23"><span class='ocrx_word' id='word_1_203' title='bbox 157 3337 309 3435; x_wconf 72' lang='lat' dir='ltr'>aequalis</span> <span class='ocrx_word' id='word_1_204' title='bbox 332 3350 489 3435; x_wconf 89' lang='lat' dir='ltr'>quatuor</span> <span class='ocrx_word' id='word_1_205' title='bbox 513 3338 659 3413; x_wconf 90' lang='lat' dir='ltr'>chordis</span> <span class='ocrx_word' id='word_1_206' title='bbox 683 3363 790 3412; x_wconf 89' lang='lat' dir='ltr'>arcus</span> <span class='ocrx_word' id='word_1_207' title='bbox 814 3337 877 3428; x_wconf 89' lang='lat' dir='ltr'>Be,</span> <span class='ocrx_word' id='word_1_208' title='bbox 896 3338 961 3411; x_wconf 88' lang='lat' dir='ltr'>sed</span> <span class='ocrx_word' id='word_1_209' title='bbox 985 3339 1105 3411; x_wconf 93' lang='lat' dir='ltr'>minor</span> <span class='ocrx_word' id='word_1_210' title='bbox 1123 3350 1201 3412; x_wconf 90' lang='lat' dir='ltr'>tota</span> 
     </span>
     <span class='ocr_line' id='line_1_27' title="bbox 158 3450 1201 3550; baseline -0.001 -25"><span class='ocrx_word' id='word_1_211' title='bbox 158 3450 227 3550; x_wconf 88' lang='lat' dir='ltr'>Bq.</span> <span class='ocrx_word' id='word_1_212' title='bbox 257 3451 443 3541; x_wconf 88' lang='lat' dir='ltr'>Similiter,</span> <span class='ocrx_word' id='word_1_213' title='bbox 457 3452 488 3525; x_wconf 93' lang='lat' dir='ltr'>si</span> <span class='ocrx_word' id='word_1_214' title='bbox 505 3476 611 3525; x_wconf 88' lang='lat' dir='ltr'>arcus</span> <span class='ocrx_word' id='word_1_215' title='bbox 629 3477 676 3525; x_wconf 86' lang='lat' dir='ltr'>oe</span> <span class='ocrx_word' id='word_1_216' title='bbox 693 3453 887 3536; x_wconf 89' lang='lat' dir='ltr'>biseeetur‚</span> <span class='ocrx_word' id='word_1_217' title='bbox 906 3465 944 3525; x_wconf 89' lang='lat' dir='ltr'>et</span> <span class='ocrx_word' id='word_1_218' title='bbox 961 3451 1061 3524; x_wconf 89' lang='lat' dir='ltr'>sinus</span> <span class='ocrx_word' id='word_1_219' title='bbox 1079 3462 1201 3524; x_wconf 90' lang='lat' dir='ltr'>rectus</span> 
     </span>
     <span class='ocr_line' id='line_1_28' title="bbox 158 3564 1202 3662; baseline 0.001 -24"><span class='ocrx_word' id='word_1_220' title='bbox 158 3566 238 3661; x_wconf 90' lang='lat' dir='ltr'>ejus</span> <span class='ocrx_word' id='word_1_221' title='bbox 252 3564 421 3653; x_wconf 87' lang='lat' dir='ltr'>ducatur,</span> <span class='ocrx_word' id='word_1_222' title='bbox 436 3565 497 3639; x_wconf 89' lang='lat' dir='ltr'>ille</span> <span class='ocrx_word' id='word_1_223' title='bbox 510 3565 712 3662; x_wconf 89' lang='lat' dir='ltr'>productus</span> <span class='ocrx_word' id='word_1_224' title='bbox 730 3566 778 3639; x_wconf 91' lang='lat' dir='ltr'>ad</span> <span class='ocrx_word' id='word_1_225' title='bbox 791 3589 983 3638; x_wconf 90' lang='lat' dir='ltr'>occursum</span> <span class='ocrx_word' id='word_1_226' title='bbox 1003 3589 1085 3637; x_wconf 90' lang='lat' dir='ltr'>oum</span> <span class='ocrx_word' id='word_1_227' title='bbox 1101 3576 1202 3639; x_wconf 87' lang='lat' dir='ltr'>recta</span> 
     </span>
     <span class='ocr_line' id='line_1_29' title="bbox 159 3677 1201 3776; baseline -0.001 -25"><span class='ocrx_word' id='word_1_228' title='bbox 159 3677 222 3776; x_wconf 89' lang='lat' dir='ltr'>Nq</span> <span class='ocrx_word' id='word_1_229' title='bbox 232 3677 383 3775; x_wconf 63' lang='lat' dir='ltr'>aequalis</span> <span class='ocrx_word' id='word_1_230' title='bbox 396 3679 469 3751; x_wconf 90' lang='lat' dir='ltr'>erit</span> <span class='ocrx_word' id='word_1_231' title='bbox 486 3691 571 3752; x_wconf 87' lang='lat' dir='ltr'>octo</span> <span class='ocrx_word' id='word_1_232' title='bbox 586 3679 733 3752; x_wconf 91' lang='lat' dir='ltr'>chordis</span> <span class='ocrx_word' id='word_1_233' title='bbox 750 3703 857 3751; x_wconf 88' lang='lat' dir='ltr'>arcus</span> <span class='ocrx_word' id='word_1_234' title='bbox 870 3704 927 3764; x_wconf 87' lang='lat' dir='ltr'>oe,</span> <span class='ocrx_word' id='word_1_235' title='bbox 942 3679 1061 3751; x_wconf 89' lang='lat' dir='ltr'>minor</span> <span class='ocrx_word' id='word_1_236' title='bbox 1078 3689 1201 3750; x_wconf 87' lang='lat' dir='ltr'>tamen</span> 
     </span>
     <span class='ocr_line' id='line_1_30' title="bbox 157 3790 1203 3889; baseline -0.003 -24"><span class='ocrx_word' id='word_1_237' title='bbox 157 3801 262 3865; x_wconf 91' lang='lat' dir='ltr'>recta</span> <span class='ocrx_word' id='word_1_238' title='bbox 280 3791 352 3888; x_wconf 88' lang='lat' dir='ltr'>Bq.</span> <span class='ocrx_word' id='word_1_239' title='bbox 379 3792 428 3864; x_wconf 87' lang='lat' dir='ltr'>Et</span> <span class='ocrx_word' id='word_1_240' title='bbox 446 3792 499 3865; x_wconf 87' lang='lat' dir='ltr'>sic</span> <span class='ocrx_word' id='word_1_241' title='bbox 517 3816 673 3889; x_wconf 90' lang='lat' dir='ltr'>semper,</span> <span class='ocrx_word' id='word_1_242' title='bbox 693 3792 811 3866; x_wconf 91' lang='lat' dir='ltr'>donec</span> <span class='ocrx_word' id='word_1_243' title='bbox 826 3804 975 3865; x_wconf 90' lang='lat' dir='ltr'>ventum</span> <span class='ocrx_word' id='word_1_244' title='bbox 993 3793 1042 3864; x_wconf 89' lang='lat' dir='ltr'>sit</span> <span class='ocrx_word' id='word_1_245' title='bbox 1059 3790 1105 3863; x_wconf 89' lang='lat' dir='ltr'>ad</span> <span class='ocrx_word' id='word_1_246' title='bbox 1124 3815 1203 3886; x_wconf 88' lang='lat' dir='ltr'>seg-</span> 
     </span>
     <span class='ocr_line' id='line_1_31' title="bbox 158 3902 1202 4000; baseline -0.001 -24"><span class='ocrx_word' id='word_1_247' title='bbox 158 3915 324 3977; x_wconf 90' lang='lat' dir='ltr'>mentum</span> <span class='ocrx_word' id='word_1_248' title='bbox 359 3904 529 3978; x_wconf 91' lang='lat' dir='ltr'>ultimum</span> <span class='ocrx_word' id='word_1_249' title='bbox 565 3917 602 3978; x_wconf 90' lang='lat' dir='ltr'>et</span> <span class='ocrx_word' id='word_1_250' title='bbox 638 3905 841 3994; x_wconf 91' lang='lat' dir='ltr'>minimum,</span> <span class='ocrx_word' id='word_1_251' title='bbox 872 3907 976 4000; x_wconf 89' lang='lat' dir='ltr'>cujus</span> <span class='ocrx_word' id='word_1_252' title='bbox 1010 3902 1202 3999; x_wconf 87' lang='lat' dir='ltr'>longitudo</span> 
     </span>
     <span class='ocr_line' id='line_1_32' title="bbox 159 4015 791 4113; baseline -0.005 -23"><span class='ocrx_word' id='word_1_253' title='bbox 159 4017 311 4113; x_wconf 87' lang='lat' dir='ltr'>aequalis</span> <span class='ocrx_word' id='word_1_254' title='bbox 329 4017 379 4091; x_wconf 91' lang='lat' dir='ltr'>sit</span> <span class='ocrx_word' id='word_1_255' title='bbox 396 4016 583 4091; x_wconf 89' lang='lat' dir='ltr'>latitudini</span> <span class='ocrx_word' id='word_1_256' title='bbox 601 4017 693 4091; x_wconf 88' lang='lat' dir='ltr'>radii</span> <span class='ocrx_word' id='word_1_257' title='bbox 712 4015 791 4089; x_wconf 88' lang='lat' dir='ltr'>AB.</span> 
     </span>
    </p>

    <p class='ocr_par' dir='ltr' id='par_1_10' title="bbox 160 4127 1204 4451">
     <span class='ocr_line' id='line_1_33' title="bbox 210 4127 1202 4226; baseline -0.004 -23"><span class='ocrx_word' id='word_1_258' title='bbox 210 4130 340 4226; x_wconf 86' lang='lat' dir='ltr'>ltaque</span> <span class='ocrx_word' id='word_1_259' title='bbox 354 4131 386 4204; x_wconf 93' lang='lat' dir='ltr'>si</span> <span class='ocrx_word' id='word_1_260' title='bbox 402 4129 509 4204; x_wconf 88' lang='lat' dir='ltr'>lateri</span> <span class='ocrx_word' id='word_1_261' title='bbox 521 4127 589 4202; x_wconf 87' lang='lat' dir='ltr'>AB</span> <span class='ocrx_word' id='word_1_262' title='bbox 602 4129 826 4203; x_wconf 82' lang='lat' dir='ltr'>concedatur</span> <span class='ocrx_word' id='word_1_263' title='bbox 839 4128 995 4201; x_wconf 87' lang='lat' dir='ltr'>latitudo</span> <span class='ocrx_word' id='word_1_264' title='bbox 1010 4128 1202 4223; x_wconf 84' lang='lat' dir='ltr'>quantula-</span> 
     </span>
     <span class='ocr_line' id='line_1_34' title="bbox 160 4240 1203 4338; baseline -0.001 -23"><span class='ocrx_word' id='word_1_265' title='bbox 160 4266 317 4338; x_wconf 87' lang='lat' dir='ltr'>cunque,</span> <span class='ocrx_word' id='word_1_266' title='bbox 336 4257 445 4316; x_wconf 89' lang='lat' dir='ltr'>erunt</span> <span class='ocrx_word' id='word_1_267' title='bbox 462 4265 569 4316; x_wconf 87' lang='lat' dir='ltr'>arcus</span> <span class='ocrx_word' id='word_1_268' title='bbox 584 4240 650 4317; x_wconf 87' lang='lat' dir='ltr'>BG</span> <span class='ocrx_word' id='word_1_269' title='bbox 670 4255 707 4315; x_wconf 91' lang='lat' dir='ltr'>et</span> <span class='ocrx_word' id='word_1_270' title='bbox 725 4253 825 4315; x_wconf 83' lang='lat' dir='ltr'>recto</span> <span class='ocrx_word' id='word_1_271' title='bbox 844 4242 897 4337; x_wconf 80' lang='lat' dir='ltr'>Bp</span> <span class='ocrx_word' id='word_1_272' title='bbox 915 4241 1084 4337; x_wconf 83' lang='lat' dir='ltr'>aequales.</span> <span class='ocrx_word' id='word_1_273' title='bbox 1138 4241 1203 4314; x_wconf 88' lang='lat' dir='ltr'>Sin</span> 
     </span>
     <span class='ocr_line' id='line_1_35' title="bbox 160 4355 1204 4451; baseline -0.002 -23"><span class='ocrx_word' id='word_1_274' title='bbox 160 4355 266 4429; x_wconf 82' lang='lat' dir='ltr'>lineae</span> <span class='ocrx_word' id='word_1_275' title='bbox 284 4370 440 4451; x_wconf 86' lang='lat' dir='ltr'>negetur</span> <span class='ocrx_word' id='word_1_276' title='bbox 458 4355 616 4430; x_wconf 88' lang='lat' dir='ltr'>latitudo</span> <span class='ocrx_word' id='word_1_277' title='bbox 636 4357 767 4445; x_wconf 78' lang='lat' dir='ltr'>omniS,</span> <span class='ocrx_word' id='word_1_278' title='bbox 782 4379 855 4428; x_wconf 90' lang='lat' dir='ltr'>non</span> <span class='ocrx_word' id='word_1_279' title='bbox 874 4356 982 4429; x_wconf 92' lang='lat' dir='ltr'>modo</span> <span class='ocrx_word' id='word_1_280' title='bbox 996 4379 1080 4451; x_wconf 87' lang='lat' dir='ltr'>pars</span> <span class='ocrx_word' id='word_1_281' title='bbox 1098 4378 1204 4427; x_wconf 89' lang='lat' dir='ltr'>arcus</span> 
     </span>
    </p>

    <p class='ocr_par' dir='ltr' id='par_1_11' title="bbox 260 4490 1102 4542">
     <span class='ocr_line' id='line_1_36' title="bbox 260 4490 1102 4542; baseline -0.002 0"><span class='ocrx_word' id='word_1_282' title='bbox 260 4490 354 4542; x_wconf 81' lang='lat' dir='ltr'>von.</span> <span class='ocrx_word' id='word_1_283' title='bbox 374 4490 414 4542; x_wconf 88' lang='lat' dir='ltr'>v.</span> <span class='ocrx_word' id='word_1_284' title='bbox 1076 4490 1102 4540; x_wconf 83' lang='lat' dir='ltr'>N</span> 
     </span>
    </p>
   </div>
   <div class='ocr_carea' id='block_1_3' title="bbox 0 0 1484 5054">
    <p class='ocr_par' dir='ltr' id='par_1_12' title="bbox 0 0 1484 5054">
     <span class='ocr_line' id='line_1_37' title="bbox 0 0 1484 5054; baseline 0 0"><span class='ocrx_word' id='word_1_285' title='bbox 0 0 1484 5054; x_wconf 95' lang='lat' dir='ltr'> </span> 
     </span>
    </p>
   </div>
  </div>
 </body>
</html>
