2932 5054
594 405 744 458 INDEX.

109 558 126 608 i.
138 564 185 608 324
191 573 281 608 :—non
292 556 394 607 estsine
405 571 485 618 causa,
496 572 577 623 neque
584 557 663 608 sortu-

111 623 153 673 ita
165 623 181 673 i.
193 629 249 672 ³2⁴.
261 623 296 671 iii.
310 628 391 672 leis.

1206 385 1266 457 cxi

714 556 758 671 {padi
774 556 920 634 phantasma
931 556 1103 634 suumpingit,
1112 573 1163 607 non
1174 557 1268 616 Deum,

775 621 869 671 idolum
886 632 975 688 pingit.
994 638 1029 673 nr.
1047 628 1268 688 wir-peccatum

110 688 283 753 phantasmata
301 686 520 752 praedominantur,
531 703 581 753 qno
596 687 662 737 ordi·
715 696 753 736 eat
761 694 820 736 tunc
827 695 922 736 tantum
929 687 1028 763 quando
1037 696 1064 737 nt
1071 688 1136 737 colat
1140 687 1267 800 pingitib.

111 759 286 867 dhriniihiium
297 816 468 882 phantasmata
487 824 545 867 sunt
561 817 662 866 somnia

112 882 129 932 i.
149 888 204 931 325.
222 881 413 931 iii.10:-circa
434 897 490 946 quae
512 882 664 930 observanda

113 947 230 1012 quinque.
246 946 263 995 i.
274 953 321 996 325
327 961 452 995 :-eorum
471 962 561 996 causac.
572 947 588 996 i.
600 953 647 996 326
658 966 663 996 :

603 793 608 813 ,
683 751 901 801 Patarea-nou
919 752 1053 810 miraculis,
1064 752 1108 801 sed
1122 753 1203 818 pagis
1214 768 1267 802 mo·

715 825 756 865 tus
766 816 890 866 Israelitas
901 816 1003 867 dimisit.
1014 817 1050 866 iii.
1061 823 1116 866 315.

716 881 822 940 Nechas,
833 880 944 931 idolatra.
956 881 993 931 iii.
1005 888 1049 931 301
1062 881 1198 932 a-Josiam
1214 897 1268 931 mo·

715 945 778 1005 nuit,
788 962 819 994 nc
828 945 876 995 sibi
886 946 1012 996 invadenti
1021 946 1182 997 Carchemish
1191 962 1268 1012 oppo-

111 1011 570 1076 -qnomodophantasmatuquaedam,
578 1011 664 1076 sopitis
716 1020 792 1061 neret.
803 1010 839 1060 iii.
850 1016 905 1060 301.
917 1010 942 1060 ii.
954 1017 1010 1062 369.

112 1076 213 1139 organis
239 1075 413 1134 exterioribus,
436 1075 580 1125 resuscitata
607 1084 665 1125 sunt
686 1075 1024 1140 Paemani—quamobrem
1040 1076 1123 1125 forsan
1134 1074 1268 1126 daemonia·

112 1140 172 1191 ibid.
179 1157 289 1191 :-oaasa
294 1141 494 1216 phantasmatum
505 1140 532 1188 in
542 1149 665 1206 aegrotan-

113 1206 181 1256 tibus
191 1205 363 1270 corruptionis.
375 1203 434 1254 ibid.

113 1287 147 1320 ex
159 1270 270 1336 appetitu
277 1278 302 1319 et
312 1270 372 1334 fuga
380 1269 558 1334 phantasmata,
566 1269 665 1336 aphan-

114 1335 226 1385 tasmatis
238 1335 361 1400 appetitus
372 1342 398 1383 et
408 1334 434 1383 lu
478 1333 585 1384 vicissim
626 1350 666 1383 ne·

715 1156 757 1189 cos
769 1139 888 1189 vocabant
896 1139 1003 1191 insama
1012 1141 1048 1190 iii.
1060 1147 1098 1192 64.

716 1204 754 1253 illi
770 1213 797 1254 et
810 1205 904 1254 Scribae
915 1205 994 1280 legem
1006 1222 1081 1270 quam
1097 1205 1204 1254 maxime
1222 1205 1269 1255 ob·

716 1269 854 1327 servabant,
864 1270 950 1318 in'usn
961 1279 1051 1330 nmen,
1063 1286 1146 1335 quare.
1157 1270 1183 1320 ii.
1196 1276 1251 1320 208.

717 1333 824 1393 illorum,
846 1286 1045 1396 Sadducaeorum,
1066 1343 1092 1384 et
1118 1336 1269 1385 Essenorum

114 1409 208 1450 rantur.
229 1399 246 1449 ’a
264 1406 433 1450 3262-eorun
451 1414 490 1448 em
513 1415 601 1465 exemp
649 1399 666 1449 i.
718 1408 798 1448 sectae.
809 1398 845 1447 iii.
856 1404 911 1448 541.

115 1470 171 1515 327.
181 1464 218 1514 iii.
233 1470 269 1514 ll.

687 1463 991 1513 Panaenus—diaconos.
1002 1462 1038 1513 iii
1049 1469 1105 1513 391.

56 1532 63 1543 ”
114 1530 285 1596 phantasmata
291 1527 391 1594 propria
398 1536 424 1578 et
431 1527 601 1578 communiai.
611 1534 666 1579 ³28:
685 1528 961 1593 Pannonium—para
972 1528 1076 1593 illaque
1084 1537 1195 1579 versatur
1203 1528 1271 1579 circa

114 1611 163 1644 -a
173 1595 227 1643 visu
239 1593 373 1659 proprium,
384 1593 474 1643 lumen.
481 1593 497 1642 i.
507 1600 562 1643 329.
571 1593 607 1643 iii.
615 1600 667 1653 5-6,

115 1659 286 1710 tlh—tactui
300 1674 356 1708 cum
368 1658 423 1706 visu
441 1658 588 1717 communia,
602 1673 666 1723 quae.

114 1723 269 1774 istm-ab
280 1722 375 1782 auditu,
384 1731 452 1772 tactu
470 1733 526 1784 etc,
535 1732 562 1774 et
582 1739 666 1773 eorum

116 1788 220 1854 objecta,
232 1804 294 1852 quaa
305 1787 322 1837 'a
334 1793 389 1837 330.
399 1787 434 1837 iii.
447 1793 497 1838 5-6.

115 1854 315 1921 phantasmatum
331 1852 484 1918 magnitudo,
503 1852 569 1902 uude
586 1851 668 1902 deter-

116 1919 216 1968 minata.
227 1917 244 1967 i.
255 1924 311 1966 330.

116 1986 210 2096 inpiati,
220 1982 315 2031 nulium
325 1990 369 2033 est.
381 1980 399 2031 i.
410 1987 468 2031 335.

117 2064 134 2113 p
152 2055 288 2097 antasmata
294 2055 494 2111 generaatnrper
502 2045 593 2112 objecti
599 2061 668 2111 pres-

115 2112 212 2162 nouem
239 2111 452 2161 inobservabilem.
477 2111 513 2162 iii.
535 2110 669 2176 6.—qnod

117 2186 200 2226 amoto
210 2177 306 2241 objecto
322 2175 443 2226 debiliora
459 2176 529 2235 fiunt,
540 2191 614 2225 causa
631 2184 669 2225 est

117 2240 298 2318 praeoccupatio
304 2256 453 2304 organorum
462 2240 492 2290 ab
499 2240 668 2305 objectisaliis.

117 2306 153 2357 lii.
165 2313 188 2356 8.
200 2306 216 2356 i.
227 2312 283 2355 ³28.

118 2370 242 2436 quomodo
261 2369 352 2419 nimius
369 2368 477 2435 partium
495 2369 605 2434 corporis
624 2369 669 2419 ali·

118 2452 223 2502 quarum
234 2435 301 2485 calor
311 2434 404 2484 excitet
413 2434 591 2484 indormientis
602 2451 670 2484 cere·

119 2501 165 2551 bro
190 2501 337 2576 phantasma
362 2499 442 2548 hosne
470 2499 508 2548 vel
535 2499 669 2564 imaginem

119 2581 218 2615 amoris.
229 2565 304 2614 iiill.
311 2564 327 2613 i.
337 2569 412 2614 3267
419 2579 588 2628 :-quacauaa
595 2564 669 2613 etiam

117 2631 163 2695 quai
178 2629 286 2696 perfecte
296 2628 406 2704 vigilant,
418 2628 596 2693 phantasmatis
612 2628 669 2677 hor·

120 2695 182 2745 ridis
194 2693 294 2744 obnoxii
306 2705 363 2742 siut.
376 2693 410 2742 iii.
425 2699 461 2741 12.
471 2692 487 2742 i
499 2698 582 2743 327-8.

120 2759 188 2826 quod
199 2759 268 2808 Deus
287 2758 458 2823 phantasmata
474 2757 671 2823 supernaturalia

120 2825 157 2874 ita
176 2839 242 2888 aaepe
262 2823 329 2881 iacit,
345 2832 374 2870 ut
395 2821 504 2871 timenda
521 2821 572 2871 sint
591 2822 670 2883 magis

138 2905 195 2938 nam
215 2887 318 2937 cessatio
340 2886 593 2945 monumemtum,
612 2882 670 2936 fidei

119 2906 271 3006 damnante
283 2951 400 3001 articulus
409 2967 459 3001 non
470 2958 514 3001 est
526 2951 560 3001 iii.
575 2959 611 3002 13.

122 3016 219 3070 Graecia
230 3017 379 3082 putabantur
389 3032 443 3065 esse
462 3016 576 3065 animalia
592 3033 670 3066 aerea.

120 3083 157 3134 iii.
169 3089 209 3140 62,
219 3087 267 3132 475
275 3098 341 3132 :—ea
351 3081 411 3145 quid
430 3082 524 3131 Gentes
542 3081 671 3131 existima·

122 3156 212 3197 verunt
222 3163 283 3196 ease.
293 3146 328 3196 iii.
340 3152 396 3205 286,
407 3151 462 3196 475.

122 3213 294 3278 phantesmata
305 3220 401 3276 spectra
409 3219 506 3267 suntet
516 3210 582 3276 quod
589 3212 672 3275 Apos-

122 3277 189 3327 wius
205 3277 236 3326 de
251 3276 325 3325 idolis
342 3275 414 3333 dixit,
425 3278 488 3325 nihil.
498 3275 533 3325 iii.
546 3281 601 3333 281,
611 3282 671 3325 sel:

122 3341 181 3390 -in
193 3341 294 3390 cerebro
304 3340 359 3404 ipso
375 3340 437 3389 nihil
457 3339 531 3399 aliud,
542 3356 615 3404 qnam
634 3349 673 3389 tu·

121 3406 296 3456 multusortus
314 3405 345 3453 ab
363 3420 512 3470 organorum
530 3404 672 3469 agitatione.

122 3471 157 3520 iii.
170 3477 381 3521 ish-vocantur
397 3485 508 3534 corpora,
525 3485 574 3533 qua
592 3486 672 3519 causa

121 3536 183 3586 ibid.
189 3534 364 3584 z—creduntur
373 3550 427 3583 esso
436 3533 503 3598 qnid
516 3533 574 3584 ibid.

122 3617 200 3667 qnare
210 3599 387 3666 phantasmata,
402 3599 454 3648 sive
471 3608 573 3663 spectra,
589 3614 673 3648 omnes

121 3683 186 3732 pene
196 3673 283 3730 gentes
293 3663 399 3713 coluere.
409 3664 436 3712 ii.
445 3669 500 3713 352.
508 3663 543 3712 iii.
551 3668 605 3720 475,
613 3668 672 3713 476:

122 3748 192 3789 —ea,
204 3729 263 3796 quia
274 3744 323 3777 non
333 3728 509 3793 permanebant
519 3727 561 3776 sed
572 3744 673 3777 cranes-

122 3796 219 3851 cebant,
229 3793 290 3858 quid
301 3808 355 3842 esse
374 3792 549 3842 existimabant
567 3792 673 3868 philoso-

122 3861 166 3927 phi
174 3859 217 3909 alii
226 3868 329 3908 veteres.
340 3856 375 3907 iii.
385 3857 536 3922 tlte—qnid
546 3857 596 3906 alii.
604 3856 673 3906 ibid:

122 3932 332 3974 -consenserunt
343 3937 434 3978 omnes,
446 3921 513 3986 quod
529 3930 611 3971 essent
627 3925 673 3969 dc-

122 4007 204 4040 aaeuea.
215 3988 274 4039 ibid
280 4002 371 4037 .-noa
379 3986 461 4035 minus
469 3985 559 4051 inepte,
567 4003 641 4050 quam
652 3986 673 4035 si

122 4057 281 4105 lormaasuas
292 4052 341 4101 ins
387 4051 428 4100 ulo
439 4051 674 4100 visasanimassuas

123 4137 138 4170 a
154 4120 282 4185 pellerent.
294 4116 328 4165 ibi

122 4137 295 4250 phantasmata
312 4181 425 4256 quadam
443 4189 561 4244 quantum
580 4189 672 4229 metue·

121 4259 182 4299 runt
191 4257 296 4297 veteres.
307 4245 342 4295 iri.
351 4251 405 4296 475.

122 4314 230 4363 risiorms
249 4320 276 4361 ct
292 4309 396 4370 somnia,
414 4310 466 4359 sive
480 4309 602 4359 naturalia
623 4309 674 4359 aive

122 4375 321 4444 supernaturalia
339 4374 397 4436 sint,
417 4375 589 4441 phantasmata
607 4391 675 4425 mera

122 4451 188 4494 sunt.
198 4442 236 4493 iii.
248 4445 305 4493 487.

718 1593 795 1642 lineas
807 1601 832 1642 et
849 1593 950 1669 figuras,
961 1593 1024 1642 bene
1033 1593 1100 1643 culta
1110 1610 1126 1641 a
1136 1594 1268 1644 veteribus.

717 1656 735 1707 i.
747 1674 761 1707 e
779 1657 807 1707 is.
819 1657 899 1707 dedic.
911 1658 981 1709 Com.
1000 1658 1062 1707 Dev.
1074 1657 1270 1724 :-philosophia

717 1723 766 1772 civi
777 1722 805 1782 ἐι,
816 1722 910 1771 novitia
926 1721 1005 1771 multo
1015 1722 1094 1787 magia
1111 1738 1139 1772 re
1158 1723 1270 1798 physice.

719 1787 910 1837 ibid.:—eadem
929 1803 980 1836 non
1002 1787 1128 1852 antiquior
1148 1786 1212 1837 libro
1233 1802 1270 1837 na

717 1867 788 1902 crva.
805 1851 866 1902 ibid.

719 1916 803 1966 Graeci
814 1916 906 1967 liberos
918 1933 975 1966 suos
992 1915 1156 1982 philosophie
1175 1915 1271 1982 proies·

719 1981 817 2031 soribus
831 1981 863 2031 ad
879 1981 1024 2045 sapientiam
1043 1981 1168 2046 magistris
1187 1981 1270 2032 trade·

720 2045 781 2094 bant
798 2045 894 2110 magnis
911 2046 1073 2096 mercedibus.
1090 2046 1107 2096 i.
1120 2047 1180 2112 epis.
1190 2046 1272 2097 dedic.

719 2111 788 2162 com.
801 2111 863 2160 Dav.
870 2110 1077 2176 .-philosophari
1084 2119 1212 2177 coeperunt
1223 2113 1272 2161 Ec·

720 2175 801 2225 clesiae
822 2183 879 2240 post
897 2175 1032 2241 Apostolos
1053 2176 1167 2225 doctores
1188 2175 1271 2242 primi.

719 2239 779 2290 ibid.
789 2239 987 2305 2—philosophia
997 2256 1070 2305 quam
1086 2241 1177 2290 Paulus
1188 2243 1273 2307 Apos-

721 2305 786 2354 tolus
796 2304 928 2370 appellavit
944 2321 1038 2354 vanam.
1049 2305 1109 2356 ibid

721 2370 860 2428 Hobbiana,
869 2386 919 2418 non
930 2369 973 2418 illa
981 2379 1018 2420 est
1026 2386 1071 2435 per
1079 2386 1152 2435 quam
1161 2370 1225 2420 flunt
1235 2370 1272 2420 la·

720 2434 791 2499 pides
809 2434 981 2500 philosophici.
993 2435 1009 2484 i.
1027 2434 1098 2500 epist.
1117 2434 1149 2483 ad
1166 2436 1272 2485 Leo:-

720 2498 805 2548 eadom
817 2499 904 2563 qualia
915 2499 968 2549 ibid
977 2499 1207 2566 z-philosophandi
1218 2510 1273 2549 stu·

720 2562 804 2622 diosis,
816 2563 876 2628 quid
887 2563 1033 2613 laciendum.
1046 2564 1105 2614 ibid.
1113 2580 1223 2629 z-quam
1239 2564 1273 2614 ob

720 2627 1010 2740 canapmdphilosophiam
1020 2628 1150 2694 negligunt
1157 2629 1272 2695 voluptu-

721 2708 785 2742 osai
803 2708 811 2740 1
830 2729 836 2740 .

721 2757 1274 2871 veorpariiaterhominesvidetnrhodie,quo·

721 2838 745 2870 m
779 2821 829 2871 oi
844 2827 864 2871 1.

721 2897 760 2936 est
769 2886 832 2936 ratio
840 2885 965 2935 naturalis.
972 2885 989 2935 i.
1001 2887 1083 2936 l:—in
1095 2887 1162 2936 omni
1173 2887 1273 2938 homine

721 2952 813 3001 innata
823 2951 926 3001 ibid.:-
946 2950 979 3010 ui,
991 2951 1133 3016 quotidiana
1142 2951 1273 3016 experien-

723 3015 757 3066 tia
768 3016 885 3073 contenti,
897 2967 1078 3081 phdosophiam
1091 3026 1133 3065 aut
1150 3016 1274 3092 ainciunt

722 3090 825 3130 autnon
844 3088 970 3156 expetunt,
990 3081 1095 3130 sanioris
1108 3080 1197 3146 judicii
1215 3088 1274 3132 sunt

723 3144 1274 3275 111..1111111333111161111

723 3291 780 3340 pars
788 3290 817 3324 ea
826 3274 853 3323 in
860 3290 910 3339 qua
917 3274 1114 3339 magnitudinum
1127 3275 1275 3340 figurarum·

724 3356 772 3404 que
790 3339 898 3388 mannes
909 3348 1080 3414 supputantur,
1090 3339 1190 3405 egregie
1200 3340 1274 3390 culta.

724 3405 742 3455 i.
754 3411 776 3454 2.
787 3403 814 3453 ii.
828 3408 869 3454 137
879 3420 1039 3453 z—unrversae
1057 3420 1134 3469 panca
1151 3413 1177 3454 et
1194 3405 1276 3470 prima

724 3469 845 3518 elementa
865 3468 997 3534 explicare,
1015 3469 1145 3518 consilium
1166 3468 1225 3518 libri
1238 3484 1275 3519 na

724 3549 852 3584 consona
864 3533 880 3583 i.
892 3540 1015 3583 2.:-vera
1026 3533 1145 3583 orationis
1155 3549 1206 3583 non
1221 3550 1275 3584 mo

724 3599 757 3647 do
768 3599 859 3657 fucum,
877 3598 1011 3648 sedetiam
1031 3598 1114 3647 omnia
1134 3598 1186 3648 lere
1202 3614 1275 3648 orna·

724 3673 807 3713 menta
815 3679 847 3712 ex
858 3663 969 3740 proleaao
980 3663 1068 3728 rejicit
1087 3662 1146 3712 ibid.

724 3727 837 3777 delinitio
847 3744 908 3792 ejus
919 3727 936 3777 i.
948 3735 971 3786 2,
983 3734 1038 3778 315.
1049 3727 1084 3776 iii.
1095 3733 1143 3777 tao
1151 3726 1276 3777 :—eadem

724 3791 852 3858 explicata.
871 3792 886 3842 i.
899 3799 1036 3858 22-geuus
1053 3807 1132 3851 omne,
1148 3791 1277 3857 inquibus

723 3857 871 3906 continetur.
882 3858 899 3906 i.
911 3864 933 3907 6.

724 3922 780 3970 finis
791 3923 852 3987 ejus.
868 3921 884 3970 i.
897 3929 982 3972 tz-et
997 3921 1098 3970 utilitas.
1115 3920 1174 3971 ibid.
1184 3937 1278 3971 :-mo·

724 3986 783 4099 (apalis
794 3995 819 4035 et
829 3986 917 4045 civilis,
922 3986 1016 4036 utilitas
1023 3985 1146 4050 quomodo
1153 3986 1278 4035 aesdmm·

742 4067 763 4099 a
774 4051 790 4099 i.
803 4055 825 4101 7.

725 4116 795 4164 adest
810 4114 926 4180 gentibus
937 4131 992 4179 quar
1009 4114 1145 4164 commodis
1157 4113 1213 4164 vitas
1223 4113 1277 4164 iru-

725 4188 808 4235 untur,
820 4179 890 4228 deest
900 4179 950 4227 illis
961 4196 1016 4244 quaa
1026 4179 1114 4228 iisdem
1125 4188 1217 4230 carent.
1227 4179 1245 4230 i.
1254 4186 1277 4232 7.

726 4243 912 4308 moralis,⁸quid.
923 4244 939 4293 i.
950 4248 974 4294 7.

726 4309 861 4375 subjectum
874 4309 935 4373 ejus.
947 4308 963 4357 i.
973 4307 1087 4384 tiz-ejus
1097 4325 1187 4359 munus
1194 4309 1278 4360 estvel

725 4374 888 4441 proprietates
899 4389 930 4422 ex
941 4383 1109 4437 generanoae,
1125 4375 1164 4423 rel
1174 4390 1278 4440 gewn

725 4440 818 4490 tionem
846 4454 878 4489 ex
904 4437 1097 4504 proprietatibus
1122 4439 1279 4506 investigare.
