2932 5054
445 437 638 493 causans
656 437 821 493 nnnv1s.
1105 421 1155 501 87

113 629 171 678 ra
187 609 233 678 ea
242 603 453 704 parallelis
468 606 583 679 rectis
601 604 790 705 planiore,
807 604 1000 680 secandam
1017 605 1165 699 aeriam·
1219 641 1304 683 noso.

113 718 295 812 infinitam
319 717 369 792 ab
392 727 417 794 0
440 718 662 807 inchoatam,
685 717 904 804 constantis,
934 717 1153 817 magnitudo
1185 721 1345 828 Q·

112 841 173 905 eat
188 831 243 904 od
257 831 547 930 magnitudinem
564 828 932 929 parallelogrammi,
957 829 1021 904 ael
1038 830 1154 905 solidi

105 943 330 1041 pramotiai
351 968 465 1043 saper
491 943 633 1043 aqaali
655 943 743 1016 base
760 968 862 1041 aqae
884 942 1153 1036 altimetriam

111 1057 169 1129 ad
183 1057 342 1130 indicem
359 1056 474 1130 seriei
491 1057 634 1130 unitate
646 1066 813 1130 auctam:
830 1065 867 1129 el
883 1067 1046 1130 teatrum
1060 1081 1153 1155 gra·

110 1169 244 1242 ailulis
262 1169 301 1244 ia
317 1194 364 1243 ea
379 1178 437 1243 eal
453 1169 636 1243 distantia
654 1195 680 1243 a
701 1169 849 1259 vertice,
867 1194 947 1266 qua
972 1194 1077 1243 axem
1097 1169 1153 1242 ito

111 1283 262 1372 dividit,
279 1292 321 1357 at
329 1307 430 1381 pora
443 1284 498 1358 orl
509 1282 633 1357 basem
645 1283 698 1356 ait
709 1282 765 1356 ad
772 1291 928 1381 partem
945 1307 1022 1379 qaa
1034 1291 1091 1355 eat
1102 1282 1156 1355 od

110 1395 295 1486 verticem,
308 1405 348 1470 at
359 1421 466 1470 anam
478 1396 533 1469 ad
546 1395 703 1470 iadicem
712 1395 829 1469 seriei
842 1395 986 1468 onitate
995 1404 1149 1468 amotam.

162 1507 523 1599 Demonstrnveram,
555 1534 635 1606 cap.
659 1509 750 1583 xxiii
772 1509 856 1583 libri
878 1509 951 1581 mei
976 1530 1030 1582 nn
1056 1531 1153 1584 con-

111 1643 236 1712 nonn,
251 1622 470 1697 diametrum
483 1623 676 1721 aequilibrii
688 1624 890 1719 figurarum
902 1621 1152 1696 deficientium

110 1735 339 1809 itadiridere
351 1759 469 1820 axem,
481 1748 525 1809 ut
535 1760 621 1833 pars
639 1737 686 1810 ad
701 1736 874 1810 verticem
888 1736 936 1809 sit
948 1736 996 1810 ad
1009 1749 1151 1832 partem

111 1847 303 1945 reliquam,
320 1859 363 1922 ut
380 1849 762 1945 parallelogrammum
778 1848 827 1922 ad
846 1850 974 1946 figurae
991 1849 1153 1945 eomple-

110 1974 291 2035 mentum.
325 1961 460 2035 Omnia
473 1963 631 2059 deniqne
644 1986 723 2059 quae
736 1962 797 2036 ille
814 1963 884 2037 hac
900 1963 1151 2060 propositione

111 2075 191 2170 ejus
208 2075 338 2171 quinta
354 2074 624 2150 demonstrasse
638 2099 677 2150 se
690 2077 849 2173 jactitat,
864 2079 1093 2174 conjeceram
1111 2076 1150 2150 in

110 2187 256 2261 tabulas
273 2187 405 2283 capitis
422 2187 507 2262 libri
523 2189 596 2262 mei
610 2189 762 2263 decimae
779 2191 979 2286 septimae*.
1019 2191 1058 2264 si
1075 2215 1151 2264 non

111 2299 253 2386 credas,
268 2300 385 2374 habes
401 2299 535 2374 librum
552 2301 684 2397 ipsum,
701 2301 805 2374 illum
821 2302 895 2376 adi.
930 2303 1043 2377 Vides
1061 2326 1150 2400 ergo

111 2434 187 2507 qna
210 2423 291 2486 arte
316 2411 377 2486 ille
397 2412 477 2487 haeo
502 2437 585 2487 mea
604 2414 755 2487 mutatis
772 2415 894 2488 verbis
911 2415 1014 2489 adse
1031 2427 1151 2491 trans-

110 2523 209 2598 ferre
226 2536 381 2599 conatus
398 2538 466 2616 est,
484 2527 594 2600 homo
611 2527 802 2623 imperitus
821 2541 859 2601 et
875 2551 1000 2602 vanus.

163 2637 424 2712 Demonstrare
452 2638 666 2737 aggreditur
695 2640 882 2736 parabolae
909 2641 1151 2737 complemen-

110 2762 193 2823 tum
211 2751 260 2824 ad
275 2751 657 2848 parallelogrammum
675 2775 781 2825 suum
807 2776 884 2826 esse
907 2763 949 2827 at
971 2779 1079 2827 romam
1099 2754 1155 2827 ad

110 2863 270 2937 indicem
286 2863 400 2937 seriei
414 2865 705 2939 secundanorum
722 2889 793 2937 aaa
810 2874 969 2953 nactam,
982 2866 1020 2939 id
1038 2877 1153 2942 estut

115 2985 131 3050 l
155 2975 204 3049 ad
222 2985 262 3049 3:
280 2977 367 3072 qnia
382 2979 567 3073 parabolae
579 2979 897 3074 complementum,
908 2992 951 3053 ut
962 2978 1023 3051 ille
1034 2991 1151 3075 putat,

111 3099 260 3162 constat
278 3113 324 3162 ex
341 3090 492 3164 infinitis
510 3113 663 3162 numero
681 3091 981 3165 subsecundanis.
1034 3092 1152 3164 Detur

110 3202 168 3275 ita
183 3225 274 3289 esse,
293 3201 332 3275 id
349 3213 404 3276 est
416 3227 440 3276 a
451 3203 538 3276 base
553 3213 738 3276 crescente
754 3215 934 3301 perpetuo
951 3216 993 3277 ut
1010 3205 1152 3277 numeri

112 3314 331 3411 quadratioi,
355 3319 459 3412 eujus
480 3316 591 3389 index
614 3330 668 3389 est
687 3324 726 3389 2:
753 3317 852 3413 quod
878 3329 1002 3390 tamen
1026 3341 1152 3390 verum

111 3450 189 3500 uon
207 3441 274 3501 est.
313 3428 400 3503 Non
413 3429 525 3525 igitur
539 3430 790 3503 dissentimus:
806 3455 892 3503 nam
910 3455 978 3529 ego
996 3432 1152 3527 figuram

112 3540 347 3614 deficientem
364 3565 387 3614 n
402 3541 743 3638 parallelogrammo
760 3565 827 3616 sno
845 3543 892 3616 ad
907 3545 1152 3640 complemen-

112 3667 194 3727 tum
211 3678 290 3728 esse
309 3655 569 3744 demonstravi,
587 3669 629 3728 ut
648 3656 741 3729 ratio
760 3680 832 3752 qua
849 3668 1027 3753 perpetuo
1046 3657 1152 3730 dimi-

111 3770 241 3844 nuitur
258 3771 348 3860 axis,
367 3769 415 3843 ad
440 3769 618 3843 rationem
641 3793 713 3866 qua
735 3783 912 3866 perpetuo
938 3770 1154 3843 diminuitur

112 3882 227 3955 basis:
254 3883 292 3956 id
318 3884 438 3956 estin
465 3882 650 3977 triangulo
676 3894 720 3954 ut
745 3892 756 3954 l
781 3882 829 3955 ad
851 3892 887 3967 1;
914 3882 953 3955 in
978 3882 1154 3977 parabola

113 4005 250 4081 nutem,
267 3995 331 4067 ubi
356 3996 449 4069 ratio
474 3996 583 4069 unius
602 3996 787 4091 duplicata
807 4008 863 4069 est
887 3995 1047 4081 alteriue,
1065 4008 1108 4067 ut
1129 4005 1151 4070 2

112 4107 161 4180 ad
184 4118 196 4180 l
216 4136 224 4178 :
252 4108 349 4180 unde
366 4111 541 4205 parabola
564 4109 611 4181 ad
624 4109 1003 4204 parallelogrammum
1023 4109 1094 4181 erit
1111 4122 1153 4181 ut

112 4223 197 4297 2nd
213 4231 257 4295 3:
277 4234 315 4295 et
326 4224 634 4320 complementum
656 4224 702 4297 ad
715 4224 1094 4319 parallelogrammum
1114 4235 1153 4296 nt

495 4447 511 4480 ¹
538 4445 586 4506 Sic
600 4446 669 4506 edit.
684 4445 769 4506 1671.
