2918 5054
344 433 530 494 Anonos
549 431 822 485 oaounrarcn
841 431 928 486 nnc.
1014 450 1020 467 =
1092 413 1158 493 157

168 602 273 677 Inter
288 600 470 699 principia
486 601 672 674 numerari
686 601 798 674 etiam
815 600 935 674 solent
946 599 1160 698 petitiones.
1215 626 1284 667 crs.
1299 625 1320 666 1.

116 714 195 789 Sed
206 714 279 788 illae
292 712 432 787 sciendi
445 713 628 810 principia
640 737 715 786 non
725 725 822 800 suut,
834 714 898 786 sed
910 712 1160 803 construendi,
1187 691 1344 813 ῃζζζῆζῇ

117 828 158 902 id
176 839 233 901 est
257 829 460 923 figurarum
488 826 760 923 descriptionis:
786 828 824 899 in
843 827 975 923 quibus
992 827 1083 900 nihil
1103 850 1162 901 re·
1187 822 1356 881 1²¹³¹¹ffi¹²¹¹⁸⁰²2

116 941 279 1040 quiritur
295 952 541 1036 praeterquam
560 939 659 1035 quod
677 940 752 1013 sint
769 940 971 1037 possibiles.

170 1055 243 1128 Pro
254 1053 445 1151 principiis
457 1052 596 1125 sciendi
613 1053 791 1126 habendae
806 1054 915 1127 etiam
930 1066 1017 1127 sunt
1029 1076 1165 1149 propo-

119 1168 275 1243 sitiones
308 1190 446 1254 omneS,
477 1190 630 1262 quarum
666 1167 801 1240 veritas
835 1166 973 1239 lumine
1006 1166 1166 1240 naturali

120 1281 324 1376 conspicua
358 1294 425 1352 est.
480 1280 534 1353 De
569 1281 724 1353 veritate
759 1281 908 1376 quidem
943 1281 1166 1354 definitionis

119 1395 310 1491 legitimae,
336 1394 510 1490 quoniam
535 1393 673 1466 habent
700 1393 894 1467 veritatem
920 1417 1063 1467 suarna
1080 1417 1167 1468 con-

121 1531 234 1582 sensu
252 1518 290 1580 et
307 1506 459 1579 arbitrio
477 1506 665 1579 hominum
683 1507 793 1579 rebus
811 1505 1000 1602 explicatis
1017 1507 1169 1581 nomina

122 1645 192 1695 sno
209 1620 319 1693 libitu
336 1619 616 1715 imponentium,
636 1619 797 1693 dubitari
815 1643 890 1692 non
907 1630 1041 1716 potest.
1094 1620 1168 1694 Sed

123 1745 213 1808 sunt
228 1732 497 1829 propositiones
515 1732 695 1826 quaedam,
715 1734 843 1828 quas&
862 1734 931 1806 etsi
948 1757 971 1806 a
988 1732 1170 1807 definitio-

124 1847 235 1920 nibus
252 1843 486 1940 dependeant
504 1856 542 1917 et
559 1869 626 1942 per
642 1845 722 1918 illas
741 1846 986 1920 demonstrari
1003 1856 1167 1942 possunt,

125 1961 181 2033 ita
197 1970 323 2033 tamen
340 1958 543 2053 perspicuae
560 1972 647 2031 sunt
666 1972 706 2032 ut
719 1960 830 2033 etiam
845 1960 924 2033 sine
943 1959 1170 2033 demonstra·

126 2073 228 2148 tione
246 2095 435 2145 assensum
453 2082 599 2168 cogant.
628 2072 819 2146 Vocantur
836 2086 961 2146 autem
975 2072 1169 2146 axiomata.

128 2185 342 2260 Cavendum
360 2196 483 2257 autem
502 2197 569 2273 est,
583 2209 630 2257 ne
648 2197 799 2281 propter
817 2209 1035 2259 consensum
1053 2184 1171 2259 solum

130 2300 391 2395 magistrorum
416 2320 483 2392 pro
501 2299 596 2370 veris
621 2298 838 2371 habeantur.
891 2296 1052 2372 Multum
1073 2298 1171 2372 enim

130 2414 283 2486 interest
307 2411 405 2483 inter
427 2411 689 2484 authoritatem
714 2411 889 2507 magistri,
915 2412 1004 2485 licet
1030 2411 1171 2508 optimi,

132 2525 310 2600 etlumen
329 2523 508 2596 naturale.
536 2524 638 2596 Nihil
652 2524 750 2596 enim
768 2535 844 2597 tam
861 2524 1059 2597 absurdum
1072 2524 1175 2598 dictu

132 2649 200 2725 est,
225 2638 315 2734 quin
341 2637 516 2732 magister
541 2637 685 2733 aliquis,
712 2639 846 2710 erroris
871 2638 1025 2734 alicujus
1049 2637 1175 2711 defeu-

134 2750 245 2824 dendi
264 2774 387 2838 causa,
405 2773 509 2844 aeque
526 2750 725 2823 absurdum
744 2749 940 2845 aliquando
959 2751 1157 2846 scripserit.

184 2862 542 2960 Praecognoscendus
561 2878 740 2959 praeterea
765 2876 822 2936 est
848 2863 979 2936 modus
1002 2863 1174 2953 addendi,

136 2976 406 3064 substrahendi,
425 2977 707 3073 multiplicandi,
725 2988 763 3049 et
791 2975 977 3049 dividendi
1004 2999 1176 3051 numeros

137 3091 290 3179 eoscos,
306 3089 346 3162 id
373 3101 440 3178 est,
459 3112 521 3161 res
539 3099 764 3162 numeratos.
809 3089 920 3171 Quod
937 3089 1045 3162 facile
1059 3100 1126 3178 est,
1139 3101 1177 3162 et

139 3202 290 3277 docetur
308 3227 331 3275 a
346 3202 455 3274 Vieta
471 3203 509 3274 in
527 3201 709 3299 isagoge,
728 3201 793 3274 sed
819 3201 1018 3275 clarissime
1040 3203 1178 3276 brevis-

139 3316 299 3414 simeque
313 3315 359 3387 ab
373 3314 590 3411 Oughtredo
604 3315 642 3386 in
658 3313 772 3386 Olane
784 3314 1039 3388 Arithmeticce
1055 3344 1063 3388 :
1081 3314 1179 3388 unde

130 3441 316 3528 ¹quantum
333 3427 452 3499 visum
471 3440 528 3500 est
548 3427 719 3500 transtuli
743 3428 816 3500 huc
833 3428 871 3500 in
890 3442 1002 3525 caput
1018 3429 1177 3502 tertium.

139 3542 260 3615 Etiam
276 3564 514 3614 numerorum
538 3539 802 3635 quadratorum
828 3553 866 3614 θῖ
892 3542 1117 3632 cubicorum,
1144 3552 1183 3616 et

140 3655 286 3728 illorum
312 3654 490 3741 radicum,
508 3666 642 3725 natura
660 3667 698 3726 et
715 3654 926 3727 inveniendi
952 3656 1081 3729 modus
1101 3679 1184 3753 per·

141 3767 337 3841 discendus
356 3780 423 3839 est.
476 3766 532 3839 De
550 3791 623 3862 quo
642 3777 822 3840 tractatur
840 3769 959 3863 capite
977 3781 1122 3866 quarto.

191 3882 285 3953 Item
316 3891 450 3952 natura
480 3879 605 3976 anguli
632 3880 859 3975 praecognita
888 3904 966 3954 esse
992 3881 1119 3954 debet:
1146 3884 1184 3955 et

141 4006 338 4091 propterea
356 3992 602 4088 proprietates
619 3993 697 4088 ejus
715 3992 833 4088 capite
848 3994 976 4088 quinto
990 3994 1184 4090 explicavi-

142 4130 236 4180 mus.
289 4107 328 4179 Si
345 4104 434 4202 quid
460 4103 616 4200 denique
633 4129 656 4177 a
673 4128 891 4202 quocunque
916 4107 1073 4180 authore
1090 4109 1184 4182 bene

502 4355 519 4388 ⁴*
536 4353 584 4413 Sic
612 4354 680 4411 edit.
700 4353 784 4414 1674.
