2932 5054
321 407 377 459 an
397 406 587 459 canunsu
607 407 933 461 unnrramonns.
1070 386 1139 466 271

111 577 259 672 quitur:
286 587 399 676 atque
416 579 453 650 in
469 577 537 650 loc
556 574 667 652 liberi
689 577 842 651 arbitrii
864 601 934 650 non
957 585 1059 649 recto
1075 598 1144 648 aru
1175 594 1323 638 nasama

104 691 276 790 privatio
295 690 365 764 illa
382 691 476 765 ineat
494 691 745 789 quoeformam
761 690 905 764 erroris
923 688 1133 764 aouetitnit..
1184 676 1327 782 „BL

506 888 750 940 RESPONSIO.

163 1016 265 1089 Nihil
282 1015 331 1090 ad
347 1039 425 1089 rem
442 1017 576 1090 attinet
590 1039 751 1113 quaerere
768 1040 815 1089 an
825 1039 910 1101 vox,
920 1038 1056 1112 magna
1073 1013 1148 1103 lar,

113 1127 161 1202 sit
187 1129 482 1224 argumentative
509 1153 637 1219 neone,
653 1127 764 1202 modo
789 1128 838 1201 sit
860 1127 1088 1223 eproativa,
1107 1139 1151 1200 ut

113 1265 241 1315 revera
258 1254 324 1314 est.
376 1242 495 1316 Nemo
513 1243 611 1315 enim
627 1243 746 1315 nescit
762 1265 829 1337 per
846 1240 961 1314 lucem
987 1242 1025 1313 in
1042 1238 1149 1313 intel

114 1353 211 1428 laetu
243 1355 399 1452 intelligi
432 1356 731 1452 perspicuitatem
772 1354 1004 1450 cognitionis,
1038 1376 1150 1450 quam

113 1467 211 1541 forte
229 1492 305 1541 non
324 1469 462 1541 habent
480 1491 605 1541 omnes
623 1468 685 1564 qui
701 1477 833 1564 putant
851 1490 889 1540 se
906 1467 1057 1539 babere:
1085 1464 1151 1539 sed

113 1580 184 1653 hoc
201 1604 276 1653 non
294 1580 448 1676 impedit
465 1580 660 1677 quominus
679 1580 783 1653 valde
796 1579 942 1653 diversa
958 1579 1006 1651 sit
1023 1579 1070 1653 ab
1087 1579 1150 1652 ob·

116 1693 252 1766 atinata
276 1693 447 1790 opinione
472 1694 608 1789 absque
626 1691 787 1766 evidenti
811 1692 1049 1789 perceptione
1065 1717 1151 1767 eou-

116 1817 231 1901 cepta.

166 1919 258 1992 Cum
271 1930 395 1992 autem
407 1919 468 1992 hie
482 1918 627 2009 dieitur,
638 1943 706 1993 nos
719 1919 828 1993 rebus
841 1919 938 1992 olere
950 1918 1153 2016 perspectis

115 2031 279 2104 volentes
296 2031 462 2106 nolentes
479 2033 658 2123 assentiri,
672 2032 770 2106 idem
783 2043 839 2105 est
855 2056 899 2105 ae
913 2032 942 2105 si
956 2031 1150 2121 diceretur,

115 2166 183 2217 nos
199 2145 338 2217 bonum
354 2144 451 2217 clare
468 2146 658 2241 cognitum
675 2145 839 2219 volentes
855 2146 1024 2220 nolentes
1040 2167 1153 2241 eppe-

115 2267 206 2332 tere.
257 2256 419 2331 Verbum
437 2259 534 2331 enim
551 2258 712 2332 uokntea
728 2259 765 2334 in
793 2260 926 2332 talibus
943 2282 1019 2332 non
1041 2258 1154 2332 babet

116 2369 250 2461 locum,
268 2371 355 2468 quia
371 2371 534 2468 implicat
550 2395 619 2445 nos
636 2371 734 2446 idem
751 2373 843 2445 velle
860 2383 897 2447 et
915 2371 1024 2447 nolle.

480 2598 679 2650 oesucuto
699 2599 789 2650 xlv.

321 2746 376 2798 An
395 2747 722 2799 munl‘rarlonuu
745 2747 953 2808 aulanam.

307 2875 368 2948 De
384 2875 547 2948 errantia
564 2897 687 2948 rerum
705 2874 962 2948 materialium.

124 3025 175 3098 Ut
193 3049 272 3098 oum
289 3024 450 3122 exempli
468 3049 594 3114 cauea,
618 3024 844 3122 triangulum
867 3025 1062 3122 imaginor,
1079 3024 1155 3098 etri

151 3138 332 3236 sortasse
348 3136 583 3237 taliafigura
601 3138 733 3210 nullibi
742 3138 907 3236 gentium
924 3148 1035 3211 entra
1052 3138 1153 3232 eogi-

168 3251 341 3323 tationem
357 3276 471 3323 meam
488 3252 629 3324 enlatot
645 3276 711 3324 neo
731 3276 883 3348 uuquam
900 3251 1081 3341 extiterit,
1097 3260 1155 3324 eet

168 3373 288 3436 tamen
309 3364 484 3461 perfeeto
510 3364 756 3437 determinato
785 3364 952 3461 quaedam
980 3366 1060 3460 ejus
1087 3389 1155 3438 no-

169 3487 269 3562 tura,
295 3477 373 3548 aiae
395 3476 570 3563 essentia,
590 3477 667 3548 eive
685 3476 832 3572 forma,
854 3477 1091 3552 immutabilia
1117 3486 1155 3550 et

170 3599 317 3677 aterna,
339 3612 421 3685 quae
449 3613 475 3662 o
501 3615 557 3662 me
584 3614 654 3661 non
685 3590 808 3684 efficta
834 3601 903 3675 eet,
930 3615 996 3663 neo
1022 3615 1047 3663 o
1074 3615 1155 3664 naeu

171 3710 286 3774 mente
303 3701 510 3800 dependet:
528 3711 568 3773 ut
578 3711 689 3800 patet
705 3728 752 3774 en
769 3727 812 3775 eo
830 3703 1082 3800 qaodpoaeint
1095 3704 1156 3776 de·

171 3816 371 3888 morutrori
393 3815 505 3888 toria
521 3816 782 3913 proprietates
799 3815 844 3888 de
861 3817 933 3889 tao
951 3815 1123 3915 triangul
1146 3869 1154 3886 .

172 3965 211 4039 Si
230 3964 453 4062 triangulum
471 3966 599 4038 nullibi
616 3967 780 4062 gentium
798 3967 940 4055 existat,
958 3991 1033 4039 non
1049 3967 1158 4039 intel-

121 4079 196 4176 ligo
216 4078 399 4175 quomodo
417 4090 586 4152 naturam
600 4080 756 4177 aliquam
775 4080 929 4152 habeat:
947 4079 1046 4176 quod
1059 4080 1156 4151 enim

122 4192 251 4265 nullibi
268 4204 336 4281 est,
353 4203 516 4266 nonest:
534 4217 652 4289 neque
670 4217 756 4289 ergo
774 4193 884 4266 habet
901 4216 995 4282 eree,
1012 4215 1077 4266 seu
1094 4215 1156 4265 na-

122 4317 243 4379 turam
269 4304 453 4402 aliquam·
489 4306 725 4402 'lbiangulum
753 4308 792 4380 in
820 4316 942 4380 mente
964 4307 1082 4380 oritur
1111 4328 1157 4377 ex
