2932 5054
421 434 506 488 nux
525 434 845 488 nnrnxnsrrcs.
1081 419 1152 488 109

152 603 266 678 'Idem
281 601 418 677 librum
435 602 525 676 satis
541 626 717 700 magnum
734 605 781 682 ab
799 604 886 679 hinc
902 600 1051 676 biennio
1076 599 1154 674 edi·
1168 621 1366 667 couruovua·

110 716 168 791 dit
189 716 235 790 de
257 726 373 805 motu,
391 716 430 790 in
454 717 558 812 cujus
582 730 687 814 parte
704 717 823 814 prima
848 716 926 813 agit
948 714 995 789 de
1021 725 1156 788 natura
1195 703 1339 809 Q

111 830 245 920 Libra,
262 831 302 905 in
328 829 491 904 secunda
514 829 560 903 dc
587 843 715 905 centro
740 829 930 927 gravitatis
956 826 1157 902 earundem

111 945 327 1041 figurarum,
341 967 416 1016 nou
433 942 610 1033 omnium,
628 942 693 1017 sed
710 943 892 1041 parabola
909 963 1021 1039 purae,
1037 952 1075 1014 et
1092 962 1157 1036 pa-

111 1056 335 1131 raboloeidis
352 1055 470 1143 solidi,
489 1066 526 1129 et
539 1057 722 1152 parabola
739 1056 925 1131 cubiculis.
971 1053 1030 1126 Ad
1047 1076 1158 1149 quam

113 1194 193 1244 rem
219 1169 395 1266 supponit
420 1168 494 1243 duo
521 1169 722 1266 principia:
748 1168 904 1248 alterum
932 1166 1091 1263 quidem,
1116 1175 1159 1238 ut

113 1283 217 1373 dicit,
235 1281 443 1370 Cavallerii‚
459 1305 592 1378 nempe
609 1282 692 1371 hoc,
710 1280 811 1380 qnod
834 1280 1027 1379 quantitas
1044 1278 1159 1352 omnia

115 1395 291 1470 continua
311 1402 456 1469 emutat
472 1419 519 1467 ea
541 1417 688 1467 numero
714 1393 857 1487 infinito
872 1390 1158 1479 indivisibilium,

116 1509 196 1582 sire
213 1508 355 1582 infinite
374 1507 610 1604 exiguorum:
636 1529 846 1603 quanquam
867 1530 949 1602 ego,
967 1504 1160 1585 Cavallerii

116 1620 215 1695 libro
239 1619 347 1712 lecto,
365 1620 457 1693 nihil
481 1620 533 1693 ibi
550 1620 587 1692 in
606 1619 705 1694 illam
731 1619 952 1697 sententiam
982 1618 1160 1713 scriptum

117 1732 375 1822 animadverti,
410 1755 529 1828 nsque
559 1733 717 1820 axioma,
748 1753 866 1828 neque
895 1729 1160 1816 definitionem,

118 1869 240 1944 neque
265 1844 567 1941 propositionem.
618 1844 715 1919 Nam
734 1843 868 1918 falsum
884 1854 952 1917 cst.
1005 1840 1162 1917 Quanti-

118 1972 179 2034 tas
205 1957 303 2032 enim
337 1958 515 2031 continua
547 1980 613 2031 sua
642 1969 776 2034 natura
809 1956 999 2031 divisibilis
1033 1965 1090 2031 est
1123 1954 1163 2027 in

118 2094 265 2168 semper
280 2070 497 2147 divisibilia:
524 2094 593 2144 nec
609 2082 731 2167 potest
760 2093 839 2145 essa
856 2070 992 2168 aliquid
1021 2068 1164 2143 infinite

122 2185 310 2279 exignum,
324 2181 394 2255 nisi
411 2181 562 2257 daretur
577 2181 708 2256 divisio
725 2182 764 2255 in
783 2183 909 2257 nihila.

173 2295 399 2391 Principium
415 2318 487 2391 qno
504 2295 623 2367 utitur
639 2294 807 2383 alterum,
824 2318 932 2368 snum
949 2304 1016 2383 est,
1033 2292 1166 2366 funda-

121 2423 257 2506 torque
282 2408 321 2481 in
348 2430 453 2504 prop.
471 2407 584 2483 xxxix
605 2406 863 2480 Aritimeticae
891 2408 969 2502 ejus
997 2402 1167 2501 Infinita-

123 2546 233 2596 rum:
257 2544 368 2618 quam
385 2520 655 2595 arithmeticam
672 2521 720 2594 ad
736 2519 1033 2594 Controversiam
1047 2541 1061 2593 1
1081 2543 1167 2592 con·

124 2634 378 2710 damnavimus
407 2633 656 2708 absurditatis.
706 2634 774 2707 Est
799 2643 920 2706 autem
945 2633 1167 2729 principium

124 2747 219 2823 illud
236 2743 468 2842 hujusmodi:

180 2861 228 2936 Si
244 2858 483 2957 intelligatur
500 2857 620 2930 series
637 2857 884 2954 quantitatum
900 2855 946 2929 ab
961 2866 985 2932 0
1003 2881 1169 2930 arescen-

126 2975 223 3050 tium
244 2981 431 3071 perpetua
448 2973 567 3067 juata
589 2969 755 3042 ordinem
778 2968 986 3042 naturalem
1003 2992 1170 3042 numero-

127 3111 231 3177 ram,
249 3093 285 3174 0,
300 3094 332 3174 l,
345 3093 382 3173 2,
397 3091 433 3172 3,
451 3091 535 3172 etc,
557 3081 618 3155 oei
636 3083 754 3177 juata
781 3081 945 3155 ordinem
972 3080 1169 3178 quadrato·

127 3224 224 3289 rm,
240 3207 282 3271 nt
299 3204 336 3285 0,
352 3204 383 3286 l,
396 3205 433 3286 4,
446 3201 484 3284 9,
497 3204 579 3284 etc,
595 3194 780 3290 aeljunta
797 3195 962 3268 ordinem
986 3193 1170 3281 cuborum,

127 3323 171 3387 at
188 3320 226 3401 0,
244 3320 276 3401 l,
290 3317 325 3399 8,
340 3315 401 3396 27,
419 3317 503 3394 etc,
522 3333 672 3405 quarum
699 3307 830 3382 ultima
853 3308 905 3381 ait
928 3308 1045 3380 dota:
1071 3305 1171 3378 ratio

128 3426 246 3500 sotim
261 3422 376 3498 seriei
388 3422 444 3495 ad
456 3421 591 3494 seriem
608 3420 758 3494 totidem
782 3421 949 3494 munima
965 3417 1172 3518 aquaiiom,

128 3538 216 3628 erit,
245 3536 284 3609 in
301 3534 428 3634 priam
456 3557 558 3623 casn,
584 3543 625 3607 nt
649 3543 664 3607 l
686 3533 741 3606 ad
751 3544 773 3606 2
785 3560 800 3618 ,·
827 3534 866 3606 in
888 3558 978 3607 carn
1002 3530 1172 3620 secunda,

130 3661 175 3725 ut
197 3659 211 3724 l
234 3648 290 3723 ad
309 3655 361 3731 3,·
385 3646 425 3721 in
442 3669 532 3719 cara
549 3646 671 3736 tertio,
689 3655 730 3719 nt
748 3656 762 3720 l
781 3646 836 3719 nd
850 3658 887 3736 4,
904 3656 974 3720 etc.

184 3761 370 3846 Quoniam
393 3771 517 3833 autem
538 3784 641 3857 prop.
659 3760 772 3833 xxxix
801 3758 1057 3835 Arithmetica
1084 3757 1175 3852 Irpi-

132 3875 294 3951 nitornm
310 3871 471 3946 absurda·
487 3883 555 3960 est,
573 3872 752 3945 rationem
771 3871 951 3946 dictarum
973 3874 1176 3969 figurarum

132 3988 181 4063 ad
199 4011 267 4063 sua
282 3985 499 4081 rectangula
514 3985 700 4059 Wallisius
717 4009 791 4060 non
809 3984 1093 4059 demonstravit:
1111 3984 1175 4058 sed

133 4098 389 4175 conclusiones
400 4096 580 4171 Hobbesii
592 4109 672 4172 tum
683 4098 729 4171 de
742 4099 958 4187 rationibnS,
972 4110 1052 4171 turn
1066 4098 1176 4171 etiam

135 4214 182 4288 de
198 4236 327 4288 carum
341 4209 478 4284 centris
494 4211 697 4306 gravitatis,
713 4211 967 4309 paralogismis
984 4210 1058 4287 suis
1075 4235 1176 4287 assu·

134 4343 191 4402 tas
208 4351 277 4425 pro
296 4323 372 4398 suis
389 4321 602 4398 venditavit.
