2932 5054
524 448 744 502 nnrsroaa
1077 438 1147 504 281

111 614 193 710 guit
209 637 289 689 eam
314 638 398 711 quae
426 616 470 690 fit
492 617 640 713 quando
664 641 797 714 corpus
823 629 964 692 motum
986 633 1225 737 permeatmv
1181 627 1213 672 0
1214 630 1294 673 usu*
1289 628 1332 736 ἐξ

112 728 234 801 media
249 729 295 802 ab
309 752 445 825 eaquae
461 731 505 802 fit
523 731 670 827 quando
687 756 762 804 non
779 744 970 827 permeat.
997 742 1152 830 utraque
1182 692 1334 797 Q

112 843 210 915 enim
231 844 273 916 fit
289 866 415 916 versus
433 845 586 918 eandem
602 858 757 940 partem,
776 869 799 918 a
815 868 969 942 corpore
987 846 1152 942 ejusdem

110 956 268 1050 generis.
319 957 399 1030 Nec
417 958 504 1031 satis
521 958 700 1032 intellexit
727 982 771 1031 ea
788 981 870 1054 quae
887 959 1016 1055 scripsi
1036 983 1079 1033 ca
1104 959 1152 1033 dc

110 1092 163 1141 re.
214 1069 300 1142 Non
327 1071 425 1143 enim
455 1071 538 1144 dico
567 1071 691 1144 iumen
718 1070 862 1145 facilius
887 1073 1083 1168 propagari
1111 1072 1151 1145 in

112 1180 227 1254 denso
245 1205 355 1277 quam
372 1183 411 1255 in
428 1206 536 1256 raro:
564 1183 629 1255 sed
651 1183 688 1255 in
707 1182 799 1256 duro
820 1184 975 1281 (inquo,
1000 1184 1151 1273 scilicet,

112 1294 265 1367 materia
282 1294 426 1367 subtilis
444 1318 518 1368 non
537 1295 784 1368 communicat
800 1307 941 1368 motum
963 1320 1069 1369 suum
1086 1320 1152 1390 pa-

110 1406 264 1479 rietibus
281 1419 467 1479 meatuum
484 1408 616 1504 quibus
633 1409 746 1495 inest)
763 1433 872 1505 quam
889 1408 926 1481 in
945 1409 1057 1497 molli,
1075 1409 1152 1483 sive

111 1519 183 1593 hoc
201 1519 249 1591 sit
267 1520 384 1592 rarius
408 1520 484 1592 sive
514 1520 674 1594 densius,
726 1521 929 1616 Habcoque
947 1522 1026 1616 ejus
1043 1522 1096 1594 rei
1115 1531 1153 1596 et

112 1633 374 1727 experientiam
408 1643 446 1706 et
480 1632 842 1722 demonstrationem,
882 1644 959 1706 tam
994 1633 1039 1706 de
1072 1633 1153 1730 ipso

111 1744 248 1817 lumine
267 1769 378 1842 quam
397 1746 442 1819 de
460 1748 673 1843 corporibus
696 1771 778 1844 quae
806 1759 909 1820 tactu
931 1747 1151 1821 sentiuntur.

112 1858 192 1932 Nec
208 1858 306 1931 valet
323 1859 491 1956 exceptio
509 1885 555 1934 ex
572 1861 705 1958 tapetis
720 1862 917 1958 asperitate
935 1861 1151 1955 desumpta:

112 1971 150 2043 in
167 1984 290 2068 tapete
315 1973 413 2045 enim
439 1997 484 2046 ex
507 1973 624 2047 serico
642 1973 699 2048 vel
729 1974 831 2047 corio
848 1973 949 2047 nullo
967 1972 1077 2047 modo
1094 1996 1152 2047 as·

110 2106 213 2179 pero,
231 2082 329 2156 idem
345 2085 548 2180 continget.

164 2194 274 2269 Quod
290 2198 344 2269 ait
362 2197 407 2269 ab
426 2196 544 2270 amico
563 2220 629 2269 suo
651 2219 729 2269 esse
756 2195 1059 2284 demonstratum,
1077 2219 1165 2271 non.

111 2307 212 2381 vidi:
231 2331 299 2380 nec
317 2307 401 2381 ideo
418 2332 566 2404 possum
584 2308 629 2380 de
643 2332 687 2383 eo
700 2310 880 2405 judicare.
932 2309 1049 2382 Miror
1065 2332 1153 2382 vero

113 2421 212 2518 quod
237 2421 435 2517 subjungat
460 2445 579 2494 meam
606 2421 953 2496 demonstrationem
978 2446 1053 2496 non
1071 2445 1153 2496 esse

112 2535 325 2630 legitimam,
344 2559 428 2607 cum
445 2544 569 2607 tamen
596 2535 687 2607 nihil
713 2534 822 2630 plane
848 2537 977 2608 afferat
999 2535 1047 2608 ad
1071 2559 1152 2609 eam

113 2647 411 2744 impugnandam,
429 2646 499 2719 nisi
519 2648 619 2743 quod
636 2647 736 2720 dicat
760 2649 925 2744 quaedam
948 2671 1153 2745 repugnare

113 2761 360 2856 experientiae,
383 2783 465 2856 qnae
493 2783 577 2832 oum
605 2761 830 2856 experientia
857 2761 1091 2834 consentiunt
1115 2772 1153 2834 et

113 2888 198 2947 sunt
215 2874 416 2947 verissima.
470 2873 544 2946 Sed
563 2897 637 2946 non
656 2873 802 2947 videtur
824 2874 1025 2948 advertisse
1048 2873 1153 2946 diffe-

112 2986 269 3059 rentiam
281 3009 362 3083 quae
376 2997 433 3058 est
446 2986 544 3058 inter
557 2987 816 3060 refractionem
832 2985 916 3081 pilae
927 2984 1151 3081 aliorumque

112 3123 307 3195 corporum
335 3100 529 3194 inaquam
553 3099 806 3187 incidentium,
834 3110 871 3172 et
894 3098 1153 3172 refractionem

112 3212 273 3286 luminis.
324 3213 457 3302 Primo,
477 3213 562 3308 quia
582 3235 656 3284 una
678 3210 848 3285 retractio
865 3212 908 3284 fit
925 3234 1051 3284 versus
1069 3233 1153 3307 per-

111 3325 397 3420 pendicularem,
415 3324 489 3396 alia
508 3322 617 3398 modo
641 3325 840 3398 contrario.
890 3325 1038 3397 Etcum
1059 3323 1154 3397 radii

111 3439 259 3511 luminis
276 3439 387 3511 tertia
404 3437 460 3509 sui
485 3437 644 3533 impetus
669 3450 785 3534 parte,
804 3450 868 3510 aut
886 3437 1044 3525 circiter,
1062 3437 1152 3510 faci-

112 3552 182 3624 lius
206 3575 273 3646 per
295 3574 428 3647 aquam
452 3562 642 3622 transeant
665 3575 774 3647 quam
799 3574 866 3645 per
891 3551 1049 3638 aerem*,
1076 3575 1152 3624 uon

112 3678 237 3737 tamen
248 3663 331 3736 ideo
342 3663 417 3759 pila
430 3662 600 3735 mulctari
613 3662 723 3735 debet
736 3663 782 3735 ab
793 3661 921 3735 eadem
935 3686 1030 3758 aqua
1043 3663 1153 3738 tertia

111 3791 219 3875 parte
245 3801 319 3849 suae
342 3776 571 3848 velocitatis:
597 3776 767 3872 nullaque
792 3787 848 3849 est
870 3778 967 3849 inter
990 3777 1059 3848 ista
1079 3777 1153 3851 duo

112 3890 303 3962 connexio.
356 3887 500 3961 Deinde
522 3888 607 3985 quia
628 3888 752 3960 lumen
770 3889 917 3984 quidem
939 3888 1057 3961 debile
1078 3913 1154 3963 non

112 4002 162 4076 ad
174 4003 265 4075 alios
283 4002 438 4097 angulos
457 4024 567 4097 quarn
584 4001 691 4086 forte,
704 4003 750 4074 ab
768 4001 896 4073 eadem
914 4025 1009 4099 aqua
1024 4001 1154 4074 refrin-

112 4116 224 4210 gitur.
278 4114 351 4187 Sed
369 4115 478 4211 plane
502 4113 601 4187 aliud
627 4129 683 4186 est
702 4114 747 4187 de
764 4114 849 4209 pila,
869 4138 948 4210 quac
966 4138 1100 4210 magna
1117 4114 1154 4186 vi

113 4230 152 4300 in
171 4251 304 4323 aquam
321 4228 477 4323 impulsa
500 4252 575 4301 non
598 4239 704 4300 tanta
726 4240 830 4324 parte
857 4252 933 4301 suae
950 4227 1154 4300 velocitatis

586 4415 604 4451 ⁹
621 4415 679 4475 Sic.
