2932 5054
328 450 385 504 sn
404 450 596 506 assensu
615 451 944 506 uuntnsmouns.
1078 435 1151 516 267

114 626 215 690 recte
241 615 369 689 inferri
396 640 441 690 ex
470 641 514 691 eo
535 617 633 714 quod
652 617 778 692 existit
800 617 940 715 aliquid
960 616 1060 714 quod
1083 641 1152 692 nos
1194 646 1341 694 ausono·

116 729 297 803 credimus
321 753 463 803 creasse
486 741 622 804 caetera
647 730 781 822 omnia,
799 730 883 805 ideo
904 729 1082 804 mundum
1105 731 1152 805 ab
1194 733 1338 835 ,ζμ

117 867 161 917 eo
178 843 289 917 inisse
307 842 502 940 aliquando
520 855 697 918 creatum.

167 957 360 1045 Praeterea,
377 958 440 1030 ubi
459 957 550 1031 dicit
572 957 692 1032 ideam
717 958 786 1032 Dei
805 969 845 1031 et
868 957 1000 1031 animae
1020 967 1155 1030 nostrae

117 1070 224 1143 nobis
240 1071 405 1144 innatam
423 1094 513 1159 esse,
531 1071 640 1144 velim
658 1071 751 1144 scire
768 1071 801 1143 si
822 1070 954 1144 animae
971 1069 1156 1144 dormien-

117 1183 210 1256 tium
227 1183 410 1279 profunde
422 1184 501 1257 sine
514 1184 696 1258 insomnio
710 1183 886 1279 cogitent.
923 1183 962 1256 Si
979 1206 1066 1273 non,
1080 1207 1156 1256 non

117 1296 255 1369 habent
272 1320 316 1369 eo
333 1307 496 1392 tempore
522 1296 623 1370 ideas
646 1297 751 1370 ullas.
805 1296 928 1370 Quare
948 1296 1049 1369 nulla
1073 1295 1158 1370 idea

118 1423 175 1482 est
191 1408 336 1482 innata:
359 1434 444 1483 nam
462 1409 562 1507 quod
578 1424 636 1484 est
652 1411 833 1499 innatum,
851 1432 993 1505 semper
1009 1409 1125 1483 adest.

513 1631 677 1684 RESPON
682 1631 761 1685 810.

170 1743 272 1818 Nihil
289 1768 415 1817 eorum
434 1768 516 1841 quae
534 1746 614 1821 Deo
634 1747 840 1838 tribuimus,
858 1748 905 1822 ab
922 1748 1076 1845 objectis
1093 1771 1155 1821 ex-

121 1857 235 1931 ternis
247 1868 421 1953 tanquam
435 1858 480 1930 ab
495 1859 694 1955 exemplari
710 1872 923 1957 potestesse
939 1861 1157 1958 profectum,

122 1970 208 2067 quia
227 1969 319 2043 nihil
345 1982 400 2042 est
425 1970 463 2043 in
489 1971 569 2045 Deo
594 1973 711 2046 simile
730 1974 773 2047 iis
792 1999 871 2070 quse
892 1975 1033 2048 suntin
1051 1974 1159 2048 rebus

121 2083 374 2172 externis,hoc
388 2085 654 2182 estcorporeis.
692 2086 881 2185 Quidquid
894 2099 1017 2162 autem
1028 2088 1073 2160 iis
1086 2087 1161 2161 dis-

122 2197 240 2271 simile
257 2198 473 2292 engitamus
491 2198 724 2272 manifestum
744 2211 893 2273 estnon
912 2201 958 2274 ab
975 2200 1076 2297 ipsis,
1095 2201 1161 2277 sed

123 2336 146 2385 a
179 2334 289 2384 causa
321 2310 427 2383 istius
459 2311 679 2386 diversitatis
712 2313 752 2386 in
782 2314 1006 2410 cogitatione
1035 2324 1162 2387 nostra

122 2424 316 2522 proficisci.

172 2537 220 2610 Et
243 2560 368 2633 quaero
389 2537 463 2624 hic,
482 2561 554 2634 quo
576 2549 686 2634 pacto
708 2538 777 2612 iste
797 2539 1034 2635 philosophus
1055 2538 1160 2611 intel-

123 2650 318 2723 lectionem
349 2650 420 2723 Dei
443 2674 466 2723 a
488 2652 597 2724 rebus
625 2652 784 2725 externis
816 2651 984 2725 deducat.
1037 2651 1160 2726 Quam

124 2776 248 2837 autem
275 2764 430 2837 habeam
456 2766 535 2860 ejus
559 2763 691 2850 ideam,
709 2764 815 2837 facile
833 2763 987 2859 explico,
1005 2762 1161 2837 dicendo

124 2901 183 2950 me
207 2900 274 2972 per
293 2875 413 2949 ideam
440 2876 645 2973 intelligere
667 2877 707 2948 id
724 2901 831 2949 omne
850 2875 949 2973 quod
970 2876 1090 2949 forma
1106 2887 1162 2949 est

124 2988 277 3085 alicujus
293 2989 550 3085 perceptionis.
604 2989 696 3064 Quis
714 2989 811 3061 enim
829 2988 966 3084 estqui
986 3012 1062 3061 non
1079 3012 1161 3085 per-

124 3100 236 3198 cipiat
264 3125 302 3174 se
332 3099 469 3197 aliquid
500 3100 715 3197 intelligere,
744 3124 787 3173 ac
816 3099 970 3196 proinde
997 3101 1059 3198 qui
1086 3124 1162 3207 non

123 3214 258 3288 habeat
275 3215 381 3288 istam
399 3214 498 3286 sive*
512 3212 633 3287 ideam
651 3213 920 3303 intellectionis‚
935 3237 1043 3309 quam
1060 3211 1160 3286 inde·

124 3326 465 3402 finiteextendendo
474 3327 608 3400 format
619 3325 738 3400 ideam
750 3326 1007 3400 intellectionis
1019 3325 1161 3416 divinae,

125 3451 163 3513 et
181 3441 233 3514 sic
250 3439 296 3513 de
314 3440 454 3513 caeteris
472 3441 551 3535 ejus
570 3438 778 3513 attributis?

178 3553 360 3627 Quoniam
378 3576 466 3625 vero
485 3554 539 3625 usi
567 3576 691 3625 sumus
716 3551 799 3625 idea
816 3552 885 3625 Dei
903 3577 985 3649 quae
1002 3553 1041 3626 in
1059 3552 1163 3626 nobis

126 3679 183 3740 est
206 3665 253 3739 ad
278 3668 354 3763 ejus
378 3665 609 3738 existentiam
632 3664 966 3752 demonstrandam,
990 3676 1099 3762 atque
1124 3665 1164 3738 in

125 3781 196 3853 hac
206 3779 290 3852 idea
306 3791 381 3852 tam
399 3778 577 3850 immensa
593 3778 759 3874 potentia
771 3778 982 3852 continetur
999 3791 1041 3851 ut
1058 3777 1163 3851 intel-

125 3893 281 3989 ligamus
305 3915 521 3987 repugnare‚
543 3891 572 3963 si
601 3891 700 3963 Deus
727 3892 871 3979 existat,
897 3892 1036 3989 aliquid
1064 3891 1166 3967 aliud

125 4017 259 4100 praeter
272 4004 390 4100 ipsum
404 4004 558 4076 existere
572 4004 641 4076 nisi
656 4003 755 4100 quod
767 4004 812 4076 ab
827 4005 906 4099 ipso
922 4004 971 4077 sit
983 4018 1163 4077 creatum:

125 4116 232 4212 plane
252 4117 416 4213 sequitur
433 4140 478 4190 ex
496 4141 540 4189 eo
559 4115 657 4212 quod
675 4115 927 4190 demonstrata
944 4117 991 4190 sit
1009 4118 1086 4213 ejus
1105 4140 1164 4189 ex·

128 4231 287 4319 istentia‚
307 4230 596 4304 demonstratum
615 4230 725 4303 etiam
743 4253 820 4302 esse
845 4238 964 4302 totum
987 4228 1165 4302 mundum

600 4482 616 4516 '¹
640 4481 698 4541 Sic.
