<?xml version="1.0" encoding="UTF-8"?>
<!DOCTYPE html PUBLIC "-//W3C//DTD XHTML 1.0 Transitional//EN"
    "http://www.w3.org/TR/xhtml1/DTD/xhtml1-transitional.dtd">
<html xmlns="http://www.w3.org/1999/xhtml" xml:lang="en" lang="en">
 <head>
  <title>
</title>
<meta http-equiv="Content-Type" content="text/html;charset=utf-8" />
  <meta name='ocr-system' content='tesseract 3.04.00' />
  <meta name='ocr-capabilities' content='ocr_page ocr_carea ocr_par ocr_line ocrx_word'/>
</head>
<body>
  <div class='ocr_page' id='page_1' title='image "./thomhobbesmalme06hobbgoog_0190.png"; bbox 0 0 2932 5054; ppageno 0'>
   <div class='ocr_carea' id='block_1_1' title="bbox 400 398 1212 472">
    <p class='ocr_par' dir='ltr' id='par_1_1' title="bbox 400 398 1212 472">
     <span class='ocr_line' id='line_1_1' title="bbox 400 398 1212 472; baseline 0.007 -11"><span class='ocrx_word' id='word_1_1' title='bbox 400 402 587 472; x_wconf 72' lang='lat' dir='ltr'>turonos</span> <span class='ocrx_word' id='word_1_2' title='bbox 606 414 878 466; x_wconf 79' lang='lat' dir='ltr'>cnonnrmca</span> <span class='ocrx_word' id='word_1_3' title='bbox 896 412 987 467; x_wconf 83' lang='lat' dir='ltr'>arc.</span> <span class='ocrx_word' id='word_1_4' title='bbox 1142 398 1212 468; x_wconf 83' lang='lat'>183</span> 
     </span>
    </p>
   </div>
   <div class='ocr_carea' id='block_1_2' title="bbox 168 577 1428 920">
    <p class='ocr_par' dir='ltr' id='par_1_2' title="bbox 168 577 1428 920">
     <span class='ocr_line' id='line_1_2' title="bbox 168 577 1389 677; baseline 0.007 -30"><span class='ocrx_word' id='word_1_5' title='bbox 168 584 292 649; x_wconf 88' lang='lat' dir='ltr'>mento</span> <span class='ocrx_word' id='word_1_6' title='bbox 310 577 458 672; x_wconf 85' lang='lat' dir='ltr'>probari</span> <span class='ocrx_word' id='word_1_7' title='bbox 479 591 604 676; x_wconf 87' lang='lat' dir='ltr'>potest</span> <span class='ocrx_word' id='word_1_8' title='bbox 621 581 841 677; x_wconf 85' lang='lat' dir='ltr'>quadratum</span> <span class='ocrx_word' id='word_1_9' title='bbox 858 605 882 655; x_wconf 87' lang='lat' dir='ltr'>o</span> <span class='ocrx_word' id='word_1_10' title='bbox 898 582 962 656; x_wconf 85' lang='lat' dir='ltr'>BL</span> <span class='ocrx_word' id='word_1_11' title='bbox 987 579 1108 656; x_wconf 82' lang='lat' dir='ltr'>minus</span> <span class='ocrx_word' id='word_1_12' title='bbox 1123 578 1212 656; x_wconf 70' lang='lat' dir='ltr'>¹esse</span> <span class='ocrx_word' id='word_1_13' title='bbox 1263 607 1332 649; x_wconf 72' lang='lat' dir='ltr'>cm.</span> <span class='ocrx_word' id='word_1_14' title='bbox 1347 608 1389 648; x_wconf 75' lang='lat' dir='ltr'>vr.</span> 
     </span>
     <span class='ocr_line' id='line_1_3' title="bbox 168 677 1428 804; baseline 0.003 -38"><span class='ocrx_word' id='word_1_15' title='bbox 168 686 322 784; x_wconf 89' lang='lat' dir='ltr'>decuplo</span> <span class='ocrx_word' id='word_1_16' title='bbox 351 691 530 786; x_wconf 86' lang='lat' dir='ltr'>quadrato</span> <span class='ocrx_word' id='word_1_17' title='bbox 557 718 580 767; x_wconf 88' lang='lat' dir='ltr'>a</span> <span class='ocrx_word' id='word_1_18' title='bbox 607 695 684 782; x_wconf 86' lang='lat' dir='ltr'>BE,</span> <span class='ocrx_word' id='word_1_19' title='bbox 711 697 802 793; x_wconf 92' lang='lat' dir='ltr'>quin</span> <span class='ocrx_word' id='word_1_20' title='bbox 828 695 960 770; x_wconf 88' lang='lat' dir='ltr'>eodem</span> <span class='ocrx_word' id='word_1_21' title='bbox 995 697 1212 793; x_wconf 87' lang='lat' dir='ltr'>probabitur</span> <span class='ocrx_word' id='word_1_22' title='bbox 1224 677 1428 804; x_wconf 43' lang='grc' dir='ltr'>θῶ,</span> 
     </span>
     <span class='ocr_line' id='line_1_4' title="bbox 168 800 1423 920; baseline 0.009 -48"><span class='ocrx_word' id='word_1_23' title='bbox 168 800 385 896; x_wconf 87' lang='lat' dir='ltr'>quadratum</span> <span class='ocrx_word' id='word_1_24' title='bbox 416 829 438 878; x_wconf 86' lang='lat' dir='ltr'>e</span> <span class='ocrx_word' id='word_1_25' title='bbox 469 805 531 878; x_wconf 87' lang='lat' dir='ltr'>BC</span> <span class='ocrx_word' id='word_1_26' title='bbox 565 807 687 880; x_wconf 88' lang='lat' dir='ltr'>minus</span> <span class='ocrx_word' id='word_1_27' title='bbox 717 832 796 881; x_wconf 88' lang='lat' dir='ltr'>esse</span> <span class='ocrx_word' id='word_1_28' title='bbox 828 822 988 905; x_wconf 86' lang='lat' dir='ltr'>quatuor</span> <span class='ocrx_word' id='word_1_29' title='bbox 1022 809 1210 905; x_wconf 84' lang='lat' dir='ltr'>quadratis</span> <span class='ocrx_word' id='word_1_30' title='bbox 1223 811 1423 920; x_wconf 55' lang='lat' dir='ltr'>ffffiifflum</span> 
     </span>
    </p>
   </div>
   <div class='ocr_carea' id='block_1_3' title="bbox 167 914 1212 1019">
    <p class='ocr_par' dir='ltr' id='par_1_3' title="bbox 167 914 1212 1019">
     <span class='ocr_line' id='line_1_5' title="bbox 167 914 1212 1019; baseline 0.011 -35"><span class='ocrx_word' id='word_1_31' title='bbox 167 914 330 1008; x_wconf 76' lang='lat' dir='ltr'>eJusdem</span> <span class='ocrx_word' id='word_1_32' title='bbox 343 915 416 989; x_wconf 84' lang='grc' dir='ltr'>ΒΕ.</span> <span class='ocrx_word' id='word_1_33' title='bbox 454 919 1212 1019; x_wconf 86' lang='lat' dir='ltr'>Impedimentumergogeometriaeunum</span> 
     </span>
    </p>
   </div>
   <div class='ocr_carea' id='block_1_4' title="bbox 165 1028 1213 1353">
    <p class='ocr_par' dir='ltr' id='par_1_4' title="bbox 165 1028 1213 1353">
     <span class='ocr_line' id='line_1_6' title="bbox 166 1028 1213 1124; baseline 0.012 -27"><span class='ocrx_word' id='word_1_34' title='bbox 166 1050 232 1122; x_wconf 87' lang='lat' dir='ltr'>per</span> <span class='ocrx_word' id='word_1_35' title='bbox 249 1028 357 1124; x_wconf 90' lang='lat' dir='ltr'>hujus</span> <span class='ocrx_word' id='word_1_36' title='bbox 375 1029 601 1106; x_wconf 85' lang='lat' dir='ltr'>difficultatis</span> <span class='ocrx_word' id='word_1_37' title='bbox 620 1034 853 1124; x_wconf 91' lang='lat' dir='ltr'>solutionem,</span> <span class='ocrx_word' id='word_1_38' title='bbox 872 1047 909 1108; x_wconf 90' lang='lat' dir='ltr'>et</span> <span class='ocrx_word' id='word_1_39' title='bbox 925 1036 1079 1109; x_wconf 86' lang='lat' dir='ltr'>fortasse</span> <span class='ocrx_word' id='word_1_40' title='bbox 1096 1036 1213 1110; x_wconf 88' lang='lat' dir='ltr'>maxi-</span> 
     </span>
     <span class='ocr_line' id='line_1_7' title="bbox 165 1143 1211 1245; baseline 0.011 -33"><span class='ocrx_word' id='word_1_41' title='bbox 165 1164 278 1229; x_wconf 91' lang='lat' dir='ltr'>mum,</span> <span class='ocrx_word' id='word_1_42' title='bbox 293 1143 527 1217; x_wconf 87' lang='lat' dir='ltr'>sustulimus:</span> <span class='ocrx_word' id='word_1_43' title='bbox 552 1146 738 1236; x_wconf 90' lang='lat' dir='ltr'>nimirum,</span> <span class='ocrx_word' id='word_1_44' title='bbox 757 1150 1070 1244; x_wconf 85' lang='lat' dir='ltr'>computationem</span> <span class='ocrx_word' id='word_1_45' title='bbox 1088 1173 1211 1245; x_wconf 89' lang='lat' dir='ltr'>super·</span> 
     </span>
     <span class='ocr_line' id='line_1_8' title="bbox 165 1255 870 1353; baseline 0.007 -26"><span class='ocrx_word' id='word_1_46' title='bbox 165 1255 332 1328; x_wconf 90' lang='lat' dir='ltr'>ficierum</span> <span class='ocrx_word' id='word_1_47' title='bbox 349 1280 415 1353; x_wconf 93' lang='lat' dir='ltr'>per</span> <span class='ocrx_word' id='word_1_48' title='bbox 432 1257 547 1332; x_wconf 85' lang='lat' dir='ltr'>lineas</span> <span class='ocrx_word' id='word_1_49' title='bbox 566 1260 645 1332; x_wconf 87' lang='lat' dir='ltr'>sinc</span> <span class='ocrx_word' id='word_1_50' title='bbox 662 1259 870 1334; x_wconf 89' lang='lat' dir='ltr'>latitudine.</span> 
     </span>
    </p>
   </div>
   <div class='ocr_carea' id='block_1_5' title="bbox 397 1725 980 2000">
    <p class='ocr_par' dir='ltr' id='par_1_5' title="bbox 397 1725 980 2000">
     <span class='ocr_line' id='line_1_9' title="bbox 585 1725 794 1799; baseline 0.01 -2"><span class='ocrx_word' id='word_1_51' title='bbox 585 1725 692 1799; x_wconf 80' lang='lat' dir='ltr'><strong>CAP.</strong></span> <span class='ocrx_word' id='word_1_52' title='bbox 710 1725 794 1799; x_wconf 91' lang='lat' dir='ltr'><strong>VII.</strong></span> 
     </span>
     <span class='ocr_line' id='line_1_10' title="bbox 397 1899 980 2000; baseline 0 -28"><span class='ocrx_word' id='word_1_53' title='bbox 397 1899 460 1973; x_wconf 87' lang='lat' dir='ltr'>De</span> <span class='ocrx_word' id='word_1_54' title='bbox 478 1899 610 1974; x_wconf 74' lang='lat' dir='ltr'>mediis</span> <span class='ocrx_word' id='word_1_55' title='bbox 619 1900 980 2000; x_wconf 72' lang='lat' dir='ltr'>proportionalibus,</span> 
     </span>
    </p>
   </div>
   <div class='ocr_carea' id='block_1_6' title="bbox 162 2050 1213 4409">
    <p class='ocr_par' dir='ltr' id='par_1_6' title="bbox 164 2050 1210 2261">
     <span class='ocr_line' id='line_1_11' title="bbox 166 2050 1210 2148; baseline 0.002 -24"><span class='ocrx_word' id='word_1_56' title='bbox 166 2072 195 2124; x_wconf 90' lang='lat'>1.</span> <span class='ocrx_word' id='word_1_57' title='bbox 221 2051 354 2124; x_wconf 74' lang='lat' dir='ltr'>lurra</span> <span class='ocrx_word' id='word_1_58' title='bbox 372 2051 462 2124; x_wconf 90' lang='lat' dir='ltr'>duas</span> <span class='ocrx_word' id='word_1_59' title='bbox 484 2064 604 2125; x_wconf 87' lang='lat' dir='ltr'>rectas</span> <span class='ocrx_word' id='word_1_60' title='bbox 627 2050 732 2125; x_wconf 85' lang='lat' dir='ltr'>datas</span> <span class='ocrx_word' id='word_1_61' title='bbox 758 2050 917 2124; x_wconf 85' lang='lat' dir='ltr'>mediam</span> <span class='ocrx_word' id='word_1_62' title='bbox 939 2050 1102 2125; x_wconf 91' lang='lat' dir='ltr'>invenire</span> <span class='ocrx_word' id='word_1_63' title='bbox 1125 2076 1210 2148; x_wconf 89' lang='lat' dir='ltr'>pro-</span> 
     </span>
     <span class='ocr_line' id='line_1_12' title="bbox 164 2164 1092 2261; baseline 0 -23"><span class='ocrx_word' id='word_1_64' title='bbox 164 2165 418 2260; x_wconf 81' lang='lat' dir='ltr'>portionalem,</span> <span class='ocrx_word' id='word_1_65' title='bbox 437 2166 591 2239; x_wconf 87' lang='lat' dir='ltr'>docetur</span> <span class='ocrx_word' id='word_1_66' title='bbox 607 2166 653 2239; x_wconf 92' lang='lat' dir='ltr'>ab</span> <span class='ocrx_word' id='word_1_67' title='bbox 671 2164 823 2238; x_wconf 85' lang='lat' dir='ltr'>Euclide</span> <span class='ocrx_word' id='word_1_68' title='bbox 839 2165 888 2238; x_wconf 88' lang='lat' dir='ltr'>vi.</span> <span class='ocrx_word' id='word_1_69' title='bbox 906 2189 1011 2261; x_wconf 89' lang='lat' dir='ltr'><strong>prop.</strong></span> <span class='ocrx_word' id='word_1_70' title='bbox 1037 2173 1092 2238; x_wconf 89' lang='grc'>13.</span> 
     </span>
    </p>

    <p class='ocr_par' dir='ltr' id='par_1_7' title="bbox 162 2277 1213 4409">
     <span class='ocr_line' id='line_1_13' title="bbox 214 2277 1211 2375; baseline 0 -25"><span class='ocrx_word' id='word_1_71' title='bbox 214 2300 256 2351; x_wconf 91' lang='lat'>11.</span> <span class='ocrx_word' id='word_1_72' title='bbox 285 2277 388 2351; x_wconf 88' lang='lat' dir='ltr'>luter</span> <span class='ocrx_word' id='word_1_73' title='bbox 405 2278 529 2351; x_wconf 87' lang='lat' dir='ltr'>datam</span> <span class='ocrx_word' id='word_1_74' title='bbox 546 2291 687 2352; x_wconf 85' lang='lat' dir='ltr'>rectam</span> <span class='ocrx_word' id='word_1_75' title='bbox 706 2289 744 2352; x_wconf 90' lang='lat' dir='ltr'>et</span> <span class='ocrx_word' id='word_1_76' title='bbox 765 2279 880 2375; x_wconf 91' lang='lat' dir='ltr'>ipsius</span> <span class='ocrx_word' id='word_1_77' title='bbox 899 2279 1085 2351; x_wconf 87' lang='lat' dir='ltr'>semissem</span> <span class='ocrx_word' id='word_1_78' title='bbox 1108 2278 1211 2350; x_wconf 91' lang='lat' dir='ltr'>inve·</span> 
     </span>
     <span class='ocr_line' id='line_1_14' title="bbox 162 2390 1207 2488; baseline -0.002 -25"><span class='ocrx_word' id='word_1_79' title='bbox 162 2391 244 2463; x_wconf 89' lang='lat' dir='ltr'>nire</span> <span class='ocrx_word' id='word_1_80' title='bbox 262 2390 354 2464; x_wconf 90' lang='lat' dir='ltr'>duas</span> <span class='ocrx_word' id='word_1_81' title='bbox 371 2391 510 2464; x_wconf 89' lang='lat' dir='ltr'>medias</span> <span class='ocrx_word' id='word_1_82' title='bbox 527 2391 833 2488; x_wconf 81' lang='lat' dir='ltr'>proportionales</span> <span class='ocrx_word' id='word_1_83' title='bbox 887 2390 944 2463; x_wconf 90' lang='lat' dir='ltr'>Sit</span> <span class='ocrx_word' id='word_1_84' title='bbox 959 2390 1046 2463; x_wconf 85' lang='lat' dir='ltr'>data</span> <span class='ocrx_word' id='word_1_85' title='bbox 1066 2391 1141 2486; x_wconf 88' lang='lat' dir='ltr'>(fig.</span> <span class='ocrx_word' id='word_1_86' title='bbox 1154 2390 1207 2484; x_wconf 89' lang='lat' dir='ltr'>iv)</span> 
     </span>
     <span class='ocr_line' id='line_1_15' title="bbox 163 2504 1209 2601; baseline -0.001 -25"><span class='ocrx_word' id='word_1_87' title='bbox 163 2514 267 2577; x_wconf 85' lang='lat' dir='ltr'>recto</span> <span class='ocrx_word' id='word_1_88' title='bbox 284 2504 361 2590; x_wconf 87' lang='lat' dir='ltr'>DC,</span> <span class='ocrx_word' id='word_1_89' title='bbox 380 2517 418 2576; x_wconf 89' lang='lat' dir='ltr'>et</span> <span class='ocrx_word' id='word_1_90' title='bbox 435 2505 548 2601; x_wconf 89' lang='lat' dir='ltr'>ipsius</span> <span class='ocrx_word' id='word_1_91' title='bbox 566 2505 725 2579; x_wconf 88' lang='lat' dir='ltr'>semissis</span> <span class='ocrx_word' id='word_1_92' title='bbox 742 2505 817 2578; x_wconf 87' lang='lat' dir='ltr'>CG.</span> <span class='ocrx_word' id='word_1_93' title='bbox 868 2505 1121 2601; x_wconf 86' lang='lat' dir='ltr'>Dispouontur</span> <span class='ocrx_word' id='word_1_94' title='bbox 1145 2526 1209 2575; x_wconf 90' lang='lat' dir='ltr'>au-</span> 
     </span>
     <span class='ocr_line' id='line_1_16' title="bbox 162 2615 1210 2713; baseline -0.001 -24"><span class='ocrx_word' id='word_1_95' title='bbox 162 2626 240 2689; x_wconf 89' lang='lat' dir='ltr'>tem</span> <span class='ocrx_word' id='word_1_96' title='bbox 257 2617 305 2690; x_wconf 88' lang='lat' dir='ltr'>ad</span> <span class='ocrx_word' id='word_1_97' title='bbox 322 2618 477 2713; x_wconf 81' lang='lat' dir='ltr'>angulos</span> <span class='ocrx_word' id='word_1_98' title='bbox 499 2630 623 2691; x_wconf 87' lang='lat' dir='ltr'>rectos</span> <span class='ocrx_word' id='word_1_99' title='bbox 645 2620 683 2691; x_wconf 91' lang='lat' dir='ltr'>in</span> <span class='ocrx_word' id='word_1_100' title='bbox 702 2619 743 2692; x_wconf 87' lang='lat' dir='ltr'>C.</span> <span class='ocrx_word' id='word_1_101' title='bbox 795 2618 938 2692; x_wconf 91' lang='lat' dir='ltr'>Deinde</span> <span class='ocrx_word' id='word_1_102' title='bbox 962 2619 1027 2690; x_wconf 85' lang='lat' dir='ltr'>fiat</span> <span class='ocrx_word' id='word_1_103' title='bbox 1052 2615 1210 2713; x_wconf 87' lang='lat' dir='ltr'>quadra-</span> 
     </span>
     <span class='ocr_line' id='line_1_17' title="bbox 162 2728 1209 2827; baseline -0.001 -25"><span class='ocrx_word' id='word_1_104' title='bbox 162 2739 244 2803; x_wconf 89' lang='lat' dir='ltr'>tum</span> <span class='ocrx_word' id='word_1_105' title='bbox 271 2730 436 2804; x_wconf 81' lang='lat' dir='ltr'><strong>DABC:</strong></span> <span class='ocrx_word' id='word_1_106' title='bbox 464 2744 682 2827; x_wconf 89' lang='lat' dir='ltr'>seceturque</span> <span class='ocrx_word' id='word_1_107' title='bbox 706 2743 786 2804; x_wconf 90' lang='lat' dir='ltr'>tum</span> <span class='ocrx_word' id='word_1_108' title='bbox 814 2756 836 2805; x_wconf 84' lang='lat' dir='ltr'>a</span> <span class='ocrx_word' id='word_1_109' title='bbox 861 2730 1115 2827; x_wconf 84' lang='lat' dir='ltr'>diagonalibus</span> <span class='ocrx_word' id='word_1_110' title='bbox 1133 2728 1209 2817; x_wconf 83' lang='lat' dir='ltr'>Au,</span> 
     </span>
     <span class='ocr_line' id='line_1_18' title="bbox 164 2841 1211 2942; baseline -0.002 -27"><span class='ocrx_word' id='word_1_111' title='bbox 164 2841 246 2932; x_wconf 90' lang='lat' dir='ltr'>BD,</span> <span class='ocrx_word' id='word_1_112' title='bbox 264 2853 345 2915; x_wconf 90' lang='lat' dir='ltr'>tum</span> <span class='ocrx_word' id='word_1_113' title='bbox 361 2867 384 2916; x_wconf 90' lang='lat' dir='ltr'>a</span> <span class='ocrx_word' id='word_1_114' title='bbox 400 2844 511 2916; x_wconf 84' lang='lat' dir='ltr'>rectis</span> <span class='ocrx_word' id='word_1_115' title='bbox 530 2845 581 2940; x_wconf 85' lang='lat' dir='ltr'>ef,</span> <span class='ocrx_word' id='word_1_116' title='bbox 597 2869 649 2942; x_wconf 83' lang='lat' dir='ltr'>qp</span> <span class='ocrx_word' id='word_1_117' title='bbox 668 2845 972 2917; x_wconf 86' lang='lat' dir='ltr'>concurrentibus</span> <span class='ocrx_word' id='word_1_118' title='bbox 998 2844 1037 2915; x_wconf 91' lang='lat' dir='ltr'>in</span> <span class='ocrx_word' id='word_1_119' title='bbox 1056 2844 1092 2915; x_wconf 93' lang='lat' dir='ltr'><strong>H</strong></span> <span class='ocrx_word' id='word_1_120' title='bbox 1120 2865 1211 2936; x_wconf 90' lang='lat' dir='ltr'>qua-</span> 
     </span>
     <span class='ocr_line' id='line_1_19' title="bbox 164 2954 1211 3050; baseline -0.001 -20"><span class='ocrx_word' id='word_1_121' title='bbox 164 2955 367 3030; x_wconf 86' lang='lat' dir='ltr'>drifariam.</span> <span class='ocrx_word' id='word_1_122' title='bbox 410 2957 586 3030; x_wconf 82' lang='lat' dir='ltr'>Sumatur</span> <span class='ocrx_word' id='word_1_123' title='bbox 604 2958 701 3029; x_wconf 90' lang='lat' dir='ltr'>iuter</span> <span class='ocrx_word' id='word_1_124' title='bbox 718 2956 780 3030; x_wconf 86' lang='lat' dir='ltr'>BC</span> <span class='ocrx_word' id='word_1_125' title='bbox 797 2970 835 3028; x_wconf 89' lang='lat' dir='ltr'>et</span> <span class='ocrx_word' id='word_1_126' title='bbox 852 2956 1037 3029; x_wconf 89' lang='lat' dir='ltr'>semissem</span> <span class='ocrx_word' id='word_1_127' title='bbox 1055 2957 1134 3050; x_wconf 88' lang='lat' dir='ltr'>ejus</span> <span class='ocrx_word' id='word_1_128' title='bbox 1148 2954 1211 3029; x_wconf 91' lang='lat' dir='ltr'>CG</span> 
     </span>
     <span class='ocr_line' id='line_1_20' title="bbox 164 3068 1212 3167; baseline -0.003 -24"><span class='ocrx_word' id='word_1_129' title='bbox 164 3069 288 3143; x_wconf 89' lang='lat' dir='ltr'>media</span> <span class='ocrx_word' id='word_1_130' title='bbox 313 3069 617 3167; x_wconf 86' lang='lat' dir='ltr'>proportionalis:</span> <span class='ocrx_word' id='word_1_131' title='bbox 643 3082 700 3143; x_wconf 87' lang='lat' dir='ltr'>est</span> <span class='ocrx_word' id='word_1_132' title='bbox 725 3080 850 3142; x_wconf 85' lang='lat' dir='ltr'>autem</span> <span class='ocrx_word' id='word_1_133' title='bbox 867 3092 911 3141; x_wconf 90' lang='lat' dir='ltr'>ea</span> <span class='ocrx_word' id='word_1_134' title='bbox 927 3068 1077 3164; x_wconf 87' lang='lat' dir='ltr'>aequalis</span> <span class='ocrx_word' id='word_1_135' title='bbox 1105 3068 1212 3140; x_wconf 89' lang='lat' dir='ltr'>semi·</span> 
     </span>
     <span class='ocr_line' id='line_1_21' title="bbox 165 3180 1210 3278; baseline -0.004 -22"><span class='ocrx_word' id='word_1_136' title='bbox 165 3182 350 3278; x_wconf 88' lang='lat' dir='ltr'>diagonali</span> <span class='ocrx_word' id='word_1_137' title='bbox 376 3183 457 3257; x_wconf 89' lang='lat' dir='ltr'>HC.</span> <span class='ocrx_word' id='word_1_138' title='bbox 509 3182 627 3255; x_wconf 83' lang='lat' dir='ltr'>Radio</span> <span class='ocrx_word' id='word_1_139' title='bbox 647 3182 716 3255; x_wconf 86' lang='lat' dir='ltr'>HC</span> <span class='ocrx_word' id='word_1_140' title='bbox 744 3181 972 3255; x_wconf 88' lang='lat' dir='ltr'>describatur</span> <span class='ocrx_word' id='word_1_141' title='bbox 998 3204 1104 3253; x_wconf 85' lang='lat' dir='ltr'>arcus</span> <span class='ocrx_word' id='word_1_142' title='bbox 1133 3180 1210 3269; x_wconf 83' lang='lat' dir='ltr'>(lm,</span> 
     </span>
     <span class='ocr_line' id='line_1_22' title="bbox 165 3293 1212 3392; baseline -0.004 -23"><span class='ocrx_word' id='word_1_143' title='bbox 165 3318 293 3369; x_wconf 76' lang='lat' dir='ltr'>secam</span> <span class='ocrx_word' id='word_1_144' title='bbox 312 3320 361 3392; x_wconf 84' lang='lat' dir='ltr'>qp</span> <span class='ocrx_word' id='word_1_145' title='bbox 378 3295 603 3392; x_wconf 88' lang='lat' dir='ltr'>productam</span> <span class='ocrx_word' id='word_1_146' title='bbox 619 3295 658 3368; x_wconf 92' lang='lat' dir='ltr'>in</span> <span class='ocrx_word' id='word_1_147' title='bbox 676 3321 721 3368; x_wconf 87' lang='lat' dir='ltr'>m.</span> <span class='ocrx_word' id='word_1_148' title='bbox 774 3295 998 3390; x_wconf 89' lang='lat' dir='ltr'>Seceturque</span> <span class='ocrx_word' id='word_1_149' title='bbox 1021 3316 1128 3366; x_wconf 87' lang='lat' dir='ltr'>arcus</span> <span class='ocrx_word' id='word_1_150' title='bbox 1146 3293 1212 3366; x_wconf 88' lang='lat' dir='ltr'>Cm</span> 
     </span>
     <span class='ocr_line' id='line_1_23' title="bbox 164 3406 1211 3504; baseline -0.002 -25"><span class='ocrx_word' id='word_1_151' title='bbox 164 3407 345 3480; x_wconf 81' lang='lat' dir='ltr'>trifariam</span> <span class='ocrx_word' id='word_1_152' title='bbox 374 3407 428 3496; x_wconf 84' lang='lat' dir='ltr'>(id</span> <span class='ocrx_word' id='word_1_153' title='bbox 452 3409 514 3504; x_wconf 91' lang='lat' dir='ltr'>qui</span> <span class='ocrx_word' id='word_1_154' title='bbox 542 3409 619 3496; x_wconf 87' lang='lat' dir='ltr'>fiat,</span> <span class='ocrx_word' id='word_1_155' title='bbox 645 3407 938 3480; x_wconf 87' lang='lat' dir='ltr'>demonstratum</span> <span class='ocrx_word' id='word_1_156' title='bbox 963 3419 1020 3480; x_wconf 87' lang='lat' dir='ltr'>est</span> <span class='ocrx_word' id='word_1_157' title='bbox 1045 3408 1085 3478; x_wconf 92' lang='lat' dir='ltr'>in</span> <span class='ocrx_word' id='word_1_158' title='bbox 1106 3406 1211 3478; x_wconf 86' lang='lat' dir='ltr'>Luce</span> 
     </span>
     <span class='ocr_line' id='line_1_24' title="bbox 164 3519 1211 3613; baseline 0 -21"><span class='ocrx_word' id='word_1_159' title='bbox 164 3519 438 3593; x_wconf 77' lang='lat' dir='ltr'>Mathematica</span> <span class='ocrx_word' id='word_1_160' title='bbox 455 3520 504 3593; x_wconf 86' lang='lat' dir='ltr'>ad</span> <span class='ocrx_word' id='word_1_161' title='bbox 522 3523 734 3594; x_wconf 79' lang='lat' dir='ltr'>Connnov.</span> <span class='ocrx_word' id='word_1_162' title='bbox 753 3521 820 3613; x_wconf 88' lang='lat' dir='ltr'>xii)</span> <span class='ocrx_word' id='word_1_163' title='bbox 841 3520 920 3594; x_wconf 73' lang='lat' dir='ltr'>inlr</span> <span class='ocrx_word' id='word_1_164' title='bbox 943 3534 981 3593; x_wconf 92' lang='lat' dir='ltr'>et</span> <span class='ocrx_word' id='word_1_165' title='bbox 1007 3520 1045 3593; x_wconf 84' lang='lat' dir='ltr'>l:</span> <span class='ocrx_word' id='word_1_166' title='bbox 1073 3520 1211 3593; x_wconf 88' lang='lat' dir='ltr'>ducan-</span> 
     </span>
     <span class='ocr_line' id='line_1_25' title="bbox 166 3632 1212 3729; baseline 0 -25"><span class='ocrx_word' id='word_1_167' title='bbox 166 3645 302 3729; x_wconf 89' lang='lat' dir='ltr'>turque</span> <span class='ocrx_word' id='word_1_168' title='bbox 329 3633 405 3721; x_wconf 79' lang='lat' dir='ltr'>Hk,</span> <span class='ocrx_word' id='word_1_169' title='bbox 425 3633 487 3706; x_wconf 82' lang='lat' dir='ltr'>Hb</span> <span class='ocrx_word' id='word_1_170' title='bbox 514 3647 679 3707; x_wconf 86' lang='lat' dir='ltr'>secantes</span> <span class='ocrx_word' id='word_1_171' title='bbox 698 3633 763 3708; x_wconf 84' lang='lat' dir='ltr'>DC</span> <span class='ocrx_word' id='word_1_172' title='bbox 791 3635 827 3705; x_wconf 93' lang='lat' dir='ltr'>in</span> <span class='ocrx_word' id='word_1_173' title='bbox 847 3659 870 3705; x_wconf 87' lang='lat' dir='ltr'>n</span> <span class='ocrx_word' id='word_1_174' title='bbox 887 3647 925 3705; x_wconf 88' lang='lat' dir='ltr'>et</span> <span class='ocrx_word' id='word_1_175' title='bbox 948 3660 981 3707; x_wconf 95' lang='lat' dir='ltr'>o.</span> <span class='ocrx_word' id='word_1_176' title='bbox 1035 3632 1212 3705; x_wconf 88' lang='lat' dir='ltr'>Sumatur</span> 
     </span>
     <span class='ocr_line' id='line_1_26' title="bbox 165 3745 1213 3842; baseline 0 -24"><span class='ocrx_word' id='word_1_177' title='bbox 165 3757 291 3818; x_wconf 86' lang='lat' dir='ltr'>autem</span> <span class='ocrx_word' id='word_1_178' title='bbox 321 3745 377 3818; x_wconf 80' lang='lat' dir='ltr'>Ca</span> <span class='ocrx_word' id='word_1_179' title='bbox 399 3747 548 3842; x_wconf 85' lang='lat' dir='ltr'>aequalis</span> <span class='ocrx_word' id='word_1_180' title='bbox 575 3747 640 3819; x_wconf 88' lang='lat' dir='ltr'>Cn.</span> <span class='ocrx_word' id='word_1_181' title='bbox 693 3746 860 3819; x_wconf 87' lang='lat' dir='ltr'>Ducatur</span> <span class='ocrx_word' id='word_1_182' title='bbox 890 3771 941 3817; x_wconf 78' lang='lat' dir='ltr'>no</span> <span class='ocrx_word' id='word_1_183' title='bbox 970 3745 1144 3842; x_wconf 85' lang='lat' dir='ltr'>parallelo</span> <span class='ocrx_word' id='word_1_184' title='bbox 1174 3759 1213 3818; x_wconf 87' lang='lat' dir='ltr'>et</span> 
     </span>
     <span class='ocr_line' id='line_1_27' title="bbox 165 3859 1213 3956; baseline -0.001 -23"><span class='ocrx_word' id='word_1_185' title='bbox 165 3859 316 3956; x_wconf 85' lang='lat' dir='ltr'>aeqnalis</span> <span class='ocrx_word' id='word_1_186' title='bbox 346 3860 417 3956; x_wconf 79' lang='lat' dir='ltr'>cp,</span> <span class='ocrx_word' id='word_1_187' title='bbox 446 3882 572 3932; x_wconf 88' lang='lat' dir='ltr'>secans</span> <span class='ocrx_word' id='word_1_188' title='bbox 602 3859 671 3932; x_wconf 84' lang='lat' dir='ltr'>HC</span> <span class='ocrx_word' id='word_1_189' title='bbox 700 3861 738 3931; x_wconf 90' lang='lat' dir='ltr'>in</span> <span class='ocrx_word' id='word_1_190' title='bbox 767 3885 799 3931; x_wconf 89' lang='lat' dir='ltr'>e.</span> <span class='ocrx_word' id='word_1_191' title='bbox 850 3860 916 3931; x_wconf 84' lang='lat' dir='ltr'>Est</span> <span class='ocrx_word' id='word_1_192' title='bbox 940 3885 1027 3954; x_wconf 82' lang='lat' dir='ltr'>ergo</span> <span class='ocrx_word' id='word_1_193' title='bbox 1047 3860 1098 3933; x_wconf 82' lang='lat' dir='ltr'>Co</span> <span class='ocrx_word' id='word_1_194' title='bbox 1122 3883 1213 3956; x_wconf 86' lang='lat' dir='ltr'>qua·</span> 
     </span>
     <span class='ocr_line' id='line_1_28' title="bbox 167 3972 1213 4067; baseline -0.002 -21"><span class='ocrx_word' id='word_1_195' title='bbox 167 3972 329 4047; x_wconf 82' lang='lat' dir='ltr'>drotum.</span> <span class='ocrx_word' id='word_1_196' title='bbox 382 3972 569 4059; x_wconf 90' lang='lat' dir='ltr'>Similiter,</span> <span class='ocrx_word' id='word_1_197' title='bbox 588 3995 655 4067; x_wconf 87' lang='lat' dir='ltr'>per</span> <span class='ocrx_word' id='word_1_198' title='bbox 672 3985 851 4066; x_wconf 89' lang='lat' dir='ltr'>puuctum</span> <span class='ocrx_word' id='word_1_199' title='bbox 869 3997 890 4043; x_wconf 94' lang='lat' dir='ltr'>o</span> <span class='ocrx_word' id='word_1_200' title='bbox 908 3972 1065 4045; x_wconf 86' lang='lat' dir='ltr'>ducatur</span> <span class='ocrx_word' id='word_1_201' title='bbox 1091 3972 1213 4067; x_wconf 88' lang='lat' dir='ltr'>paral-</span> 
     </span>
     <span class='ocr_line' id='line_1_29' title="bbox 164 4084 1213 4181; baseline -0.001 -24"><span class='ocrx_word' id='word_1_202' title='bbox 164 4085 237 4158; x_wconf 89' lang='lat' dir='ltr'>lela</span> <span class='ocrx_word' id='word_1_203' title='bbox 263 4084 373 4158; x_wconf 86' lang='lat' dir='ltr'>lateri</span> <span class='ocrx_word' id='word_1_204' title='bbox 396 4084 470 4173; x_wconf 86' lang='lat' dir='ltr'>BC,</span> <span class='ocrx_word' id='word_1_205' title='bbox 489 4109 617 4158; x_wconf 86' lang='lat' dir='ltr'>secans</span> <span class='ocrx_word' id='word_1_206' title='bbox 637 4085 707 4158; x_wconf 91' lang='lat' dir='ltr'>HC</span> <span class='ocrx_word' id='word_1_207' title='bbox 727 4086 766 4157; x_wconf 91' lang='lat' dir='ltr'>in</span> <span class='ocrx_word' id='word_1_208' title='bbox 784 4085 824 4157; x_wconf 84' lang='lat' dir='ltr'>b:</span> <span class='ocrx_word' id='word_1_209' title='bbox 852 4100 890 4158; x_wconf 89' lang='lat' dir='ltr'>et</span> <span class='ocrx_word' id='word_1_210' title='bbox 907 4086 1013 4181; x_wconf 83' lang='lat' dir='ltr'>perh</span> <span class='ocrx_word' id='word_1_211' title='bbox 1038 4084 1213 4175; x_wconf 75' lang='lat' dir='ltr'>mutabo,</span> 
     </span>
     <span class='ocr_line' id='line_1_30' title="bbox 164 4197 1212 4296; baseline -0.002 -25"><span class='ocrx_word' id='word_1_212' title='bbox 164 4221 294 4271; x_wconf 82' lang='lat' dir='ltr'>secans</span> <span class='ocrx_word' id='word_1_213' title='bbox 322 4199 388 4296; x_wconf 83' lang='lat' dir='ltr'>Hp</span> <span class='ocrx_word' id='word_1_214' title='bbox 412 4199 450 4271; x_wconf 94' lang='lat' dir='ltr'>in</span> <span class='ocrx_word' id='word_1_215' title='bbox 477 4224 517 4271; x_wconf 89' lang='lat' dir='ltr'>e:</span> <span class='ocrx_word' id='word_1_216' title='bbox 544 4211 724 4294; x_wconf 89' lang='lat' dir='ltr'>eruntque</span> <span class='ocrx_word' id='word_1_217' title='bbox 752 4210 832 4272; x_wconf 90' lang='lat' dir='ltr'>tum</span> <span class='ocrx_word' id='word_1_218' title='bbox 857 4197 914 4283; x_wconf 83' lang='lat' dir='ltr'>ed,</span> <span class='ocrx_word' id='word_1_219' title='bbox 941 4209 1019 4270; x_wconf 90' lang='lat' dir='ltr'>tum</span> <span class='ocrx_word' id='word_1_220' title='bbox 1045 4197 1105 4270; x_wconf 84' lang='lat' dir='ltr'>Hb</span> <span class='ocrx_word' id='word_1_221' title='bbox 1123 4221 1212 4293; x_wconf 88' lang='lat' dir='ltr'>qua-</span> 
     </span>
     <span class='ocr_line' id='line_1_31' title="bbox 165 4311 1213 4409; baseline -0.003 -22"><span class='ocrx_word' id='word_1_222' title='bbox 165 4311 284 4387; x_wconf 85' lang='lat' dir='ltr'>drata.</span> <span class='ocrx_word' id='word_1_223' title='bbox 349 4312 445 4386; x_wconf 90' lang='lat' dir='ltr'>Nam</span> <span class='ocrx_word' id='word_1_224' title='bbox 476 4324 563 4385; x_wconf 89' lang='lat' dir='ltr'>sunt</span> <span class='ocrx_word' id='word_1_225' title='bbox 596 4313 812 4409; x_wconf 84' lang='lat' dir='ltr'>rectangula</span> <span class='ocrx_word' id='word_1_226' title='bbox 844 4335 954 4406; x_wconf 89' lang='lat' dir='ltr'>super</span> <span class='ocrx_word' id='word_1_227' title='bbox 983 4312 1213 4409; x_wconf 86' lang='lat' dir='ltr'>diagonalem</span> 
     </span>
    </p>
   </div>
   <div class='ocr_carea' id='block_1_7' title="bbox 0 0 1470 5054">
    <p class='ocr_par' dir='ltr' id='par_1_8' title="bbox 0 0 1470 5054">
     <span class='ocr_line' id='line_1_32' title="bbox 0 0 1470 5054; baseline 0 0"><span class='ocrx_word' id='word_1_228' title='bbox 0 0 1470 5054; x_wconf 95' lang='lat' dir='ltr'> </span> 
     </span>
    </p>
   </div>
  </div>
 </body>
</html>
