2932 5054
453 441 646 497 censuim
664 441 830 495 BREVIS.
1106 421 1149 500 71

109 609 204 683 nihil
221 610 340 705 majus
359 634 469 706 quam
478 613 561 684 —A
581 611 708 685 eadem
727 610 931 708 quantitate
945 609 990 683 Α.
1028 608 1153 684 Quare
1180 633 1263 674 moe.
1279 633 1344 674 vm.

116 722 191 806 ÷A
207 735 357 819 superat
372 725 468 812 -Α,
487 724 692 820 quantitate
710 725 780 798 uA.
849 723 951 796 Facit
978 743 1066 816 ergo
1095 721 1152 794 uA
1193 703 1336 738 *β

109 837 253 932 aequale
270 837 397 911 nihilo.
438 838 642 934 Propositio
659 862 748 934 ergo
767 837 859 910 false
876 848 943 910 est.
982 835 1154 908 Putarem

109 949 271 1022 antehoc
300 949 411 1023 fuisse
434 950 640 1025 Wallisium
670 951 904 1047 algebristam
933 947 1153 1046 perfectissi-

110 1086 238 1136 mum:
263 1062 365 1158 atqui
380 1063 488 1136 video
516 1064 605 1159 jem,
624 1062 724 1160 quod
746 1064 786 1136 in
812 1060 1076 1159 quantitatibus
1100 1061 1154 1134 cf-

110 1174 285 1248 tectisue
302 1175 608 1250 substractionem
625 1176 773 1273 quidem
789 1176 944 1250 noverit.

477 1439 713 1493 Pnol’osl'rto
733 1440 793 1492 lx.

162 1579 435 1680 AEquipolkm,
466 1584 501 1656 u·
533 1582 594 1657 vel
625 1591 813 1681 cingentur
845 1579 906 1655 oet
931 1581 1156 1654 contrarium

112 1695 313 1786 minuuntur,
341 1696 397 1792 fit
416 1695 674 1795 prepollem:
699 1695 735 1768 ei
757 1695 954 1784 minuatur,
983 1694 1045 1767 oet
1072 1718 1155 1767 con-

112 1808 275 1881 trarium
289 1819 487 1907 augentur,
497 1810 554 1904 fit
570 1806 858 1907 minue-pollens.

165 1921 369 2016 Propositio
386 1922 464 1995 haee
482 1946 593 2012 nona,
611 1935 649 1995 et
671 1922 807 1995 lemme
828 1920 1010 2008 ultimum,
1028 1917 1157 1991 eadem

113 2048 171 2107 est
197 2057 282 2107 cum
308 2035 503 2131 hypothesi
532 2059 615 2108 meu
638 2037 768 2131 prima,
786 2033 833 2107 ad
852 2057 931 2128 cap.
954 2032 1044 2105 xxiii
1072 2031 1157 2104 libri

114 2168 170 2220 ou
191 2168 397 2220 conpone.
461 2149 527 2221 Est
544 2160 667 2221 autem
683 2148 761 2221 haec
780 2175 790 2219 τ
815 2147 860 2220 Si
868 2146 1018 2246 pondus
1035 2143 1090 2217 ad
1103 2143 1157 2216 at·

113 2269 297 2334 teretrum
326 2259 640 2358 equilibratorum
670 2261 885 2348 accesserit,
920 2259 974 2333 ad
1000 2257 1157 2331 alterum

112 2397 205 2447 vero
227 2398 297 2446 non
321 2374 535 2462 accesserit,
559 2372 704 2448 totlitur
727 2371 983 2471 equilibrinm.
1035 2372 1158 2445 Quem

113 2484 176 2559 ille
195 2485 347 2560 dubium
365 2510 443 2560 esse
461 2499 574 2577 ratus,
594 2486 720 2560 addito
739 2495 851 2559 totum
874 2487 993 2581 majus
1016 2494 1074 2557 eet
1097 2483 1157 2557 eui

107 2608 240 2698 porte,
258 2598 510 2674 demonstrare
527 2599 721 2696 pulchrum
739 2622 818 2672 esse
839 2596 1070 2671 existimavit.

482 2849 728 2902 PROPOSITIO
751 2850 793 2900 X.

175 2975 247 3050 Uti
263 2978 458 3072 conjuncta
474 2988 559 3050 eunt
576 2986 788 3050 momentum
802 2988 840 3050 et
855 2977 1157 3075 impedimentum,

116 3091 155 3162 ei
179 3101 391 3164 momentum
413 3090 630 3189 prepollet,
655 3113 731 3189 pro
761 3102 936 3164 momento
966 3091 1075 3164 simut
1094 3093 1159 3165 hu-

117 3202 237 3276 bende
266 3212 376 3287 uuum
398 3227 472 3302 pro
501 3202 756 3300 impedimento
781 3228 876 3290 vero,
902 3204 937 3275 ei
958 3198 1160 3302 prepollet

117 3316 414 3415 impedimentum
425 3343 440 3400 ,·
475 3327 512 3389 et
543 3316 739 3414 utrobique
770 3326 884 3404 tanto,
916 3328 1075 3415 quantus
1103 3327 1161 3391 eet

115 3428 382 3528 praepoltentie
428 3454 638 3514 excessum
686 3430 745 3503 ein
797 3430 1043 3528 aequipollent,
1085 3456 1162 3529 pro

118 3552 261 3614 neutro.

169 3653 239 3728 Sin
248 3653 367 3753 pluro
390 3654 465 3728 eint
480 3657 687 3751 conjunctu,
711 3655 771 3730 oet
786 3655 1037 3731 momentanei
1051 3657 1161 3755 impe·

119 3767 310 3840 elimenta:
346 3776 453 3840 tenta
481 3767 592 3841 simut
619 3767 789 3843 habenda
815 3777 912 3860 euru,
939 3780 1076 3867 quantu
1105 3780 1162 3844 eet

120 3880 317 3954 eorundem
335 3903 483 3954 mmmm

174 3993 264 4066 Cum
280 3992 375 4065 enim
397 3994 590 4067 contrariu
613 3995 688 4068 sint
710 4006 920 4068 momentum
945 4004 983 4068 et
1010 3996 1163 4094 impedi-

119 4116 275 4179 mentum
289 4131 304 4188 ;
321 4104 388 4177 hoc
404 4115 473 4195 eet,
487 4131 601 4179 causa
618 4108 736 4197 nteit,
751 4117 789 4180 et
806 4109 1061 4182 consonent:
1079 4135 1163 4182 eon-

119 4229 199 4293 etut
209 4219 461 4318 propositum,
474 4245 550 4318 per
566 4221 630 4293 viii
647 4221 766 4316 hujus.

170 4333 278 4407 Falsa
295 4341 363 4406 est.
415 4332 516 4407 Quid
542 4333 664 4407 enim?
717 4334 756 4407 Si
774 4357 902 4408 sexum
919 4345 1028 4411 terrae
1045 4336 1164 4411 imita·
