2932 5054
486 1050 785 1124 PRAEFATIO

200 1443 552 1526 MERSENNI
591 1442 1065 1529 BALLISTICAM.

539 1720 738 1730 ——

539 1735 737 1745 ———-—

112 1939 210 2013 Onu
231 1937 286 2031 (iu
305 1960 410 2034 prop.
428 1937 516 2011 xxiv
533 1934 809 2029 Bsnmsrrcn)
829 1936 936 2034 plura
949 1936 1057 2033 juxta
1073 1935 1157 2009 sub·

112 2051 272 2126 tilissimi
287 2049 497 2148 philosophi
513 2050 666 2123 Thomae
684 2049 837 2122 Hobbes
854 2048 1099 2139 attulerimus,
1117 2061 1156 2122 et

112 2164 292 2261 quasdam
309 2163 549 2260 philosophiae
563 2187 673 2259 quam
685 2173 840 2236 exornat
853 2174 977 2259 partes
990 2162 1155 2259 legerim,

112 2301 196 2374 quae
209 2278 333 2351 omnia
344 2277 422 2351 fere
432 2300 499 2373 per
509 2288 651 2350 motum
668 2275 822 2350 localem
837 2275 1036 2373 explicant,
1046 2275 1156 2348 velim

111 2390 223 2465 etiam
252 2389 391 2465 addere
420 2389 571 2463 modum
596 2413 671 2486 quo
696 2401 907 2464 nostrarum
936 2389 1156 2463 facultatum

112 2503 345 2600 operationes
371 2526 417 2576 ex
446 2502 577 2576 eodem
599 2513 704 2577 motu
731 2502 937 2576 concludit:
968 2512 1010 2576 ut
1040 2503 1157 2576 lector

111 2617 312 2714 perspiciat
336 2642 426 2690 num
445 2640 685 2714 quaecnmque
708 2617 802 2689 fiunt
822 2616 860 2688 in
885 2615 993 2689 nobis
1015 2615 1063 2689 ad
1081 2616 1156 2689 vim

112 2729 342 2804 ballisticam
366 2730 495 2804 referri
519 2740 685 2825 possunt,
703 2741 746 2802 ut
771 2729 917 2824 objecta
940 2752 1157 2825 persensus

112 2844 312 2919 exteriores
341 2843 521 2917 irmentin
544 2854 600 2917 tot
622 2843 756 2939 jaculis
780 2853 870 2941 quot
898 2843 1059 2916 motibus
1089 2866 1156 2917 nos

112 2959 303 3054 impetere,
321 2956 465 3055 hucque
482 2968 520 3030 et
535 2956 621 3029 illuc
645 2956 832 3052 impellere
848 2955 1056 3046 rideantur,
1073 2979 1157 3051 per·

113 3083 337 3167 petuamque
356 3069 579 3143 balli-sticum
599 3079 807 3142 exerceant.

165 3185 318 3258 Certum
343 3195 399 3257 est
423 3184 521 3256 enim
544 3183 623 3256 fieri
652 3182 858 3256 sensionem
880 3205 947 3278 per
971 3180 1156 3255 actionem

113 3299 343 3393 objectorum
355 3296 394 3369 in
408 3320 548 3392 organa
565 3295 762 3370 sentiendi:
775 3319 931 3392 cumque
948 3295 1068 3368 sensio
1079 3308 1156 3368 tam

113 3412 297 3484 actionem
316 3433 427 3505 quam
444 3409 652 3506 passionem
669 3421 812 3506 arguat,
825 3433 915 3506 quas
933 3410 994 3481 vix
1011 3433 1035 3482 a
1050 3408 1157 3482 moti·

113 3524 183 3596 bus
202 3522 416 3618 distinguas,
435 3522 555 3596 sensio
577 3523 723 3596 definiri
742 3533 864 3619 potest
880 3531 996 3596 motus
1013 3522 1051 3595 in
1060 3544 1157 3620 par·

114 3635 212 3710 tibus
229 3636 388 3710 internis
405 3636 596 3710 sentientis
614 3635 661 3709 ab
678 3635 814 3732 objecti
830 3645 929 3709 motu
945 3635 984 3708 ia
1005 3635 1157 3735 agentis

113 3749 280 3822 sensorio
297 3751 459 3845 ficetur.
513 3750 574 3823 Sic
592 3749 704 3823 etiam
720 3749 812 3823 visio
830 3751 907 3823 fita
923 3760 1026 3823 motu
1044 3747 1156 3822 lucidi

113 3875 319 3960 propagato
331 3887 399 3959 per
413 3863 638 3959 diaphanum
652 3863 923 3953 intermedium,
937 3874 976 3936 et
988 3863 1156 3935 coutinu-

113 3988 176 4049 ato
187 3977 414 4073 peraculum
425 3976 472 4049 ad
489 3976 652 4049 tunicam
665 3977 834 4064 retinam,
845 3988 885 4049 et
903 3975 1077 4071 deinceps
1090 3998 1158 4071 per

113 4112 268 4163 nervum
298 4090 461 4185 opticum
491 4090 530 4162 in
557 4091 720 4187 spiritus,
741 4089 853 4185 idque
872 4112 947 4162 non
972 4088 1091 4163 solum
1117 4087 1156 4161 in

115 4204 281 4291 cerebro,
299 4201 364 4275 sed
381 4202 493 4275 etiam
510 4225 625 4298 usque
642 4203 689 4276 ad
707 4226 784 4291 cor,
797 4202 845 4276 ob
862 4201 975 4276 totius
993 4201 1157 4300 corporis

115 4317 247 4391 miram
264 4315 543 4391 connexionem.
