<?xml version="1.0" encoding="UTF-8"?>
<!DOCTYPE html PUBLIC "-//W3C//DTD XHTML 1.0 Transitional//EN"
    "http://www.w3.org/TR/xhtml1/DTD/xhtml1-transitional.dtd">
<html xmlns="http://www.w3.org/1999/xhtml" xml:lang="en" lang="en">
 <head>
  <title>
</title>
<meta http-equiv="Content-Type" content="text/html;charset=utf-8" />
  <meta name='ocr-system' content='tesseract 3.04.00' />
  <meta name='ocr-capabilities' content='ocr_page ocr_carea ocr_par ocr_line ocrx_word'/>
</head>
<body>
  <div class='ocr_page' id='page_1' title='image "./thomhobbesmalme06hobbgoog_0342.png"; bbox 0 0 2932 5054; ppageno 0'>
   <div class='ocr_carea' id='block_1_1' title="bbox 369 391 1149 460">
    <p class='ocr_par' dir='ltr' id='par_1_1' title="bbox 369 391 1149 460">
     <span class='ocr_line' id='line_1_1' title="bbox 369 391 1149 460; baseline -0.006 0"><span class='ocrx_word' id='word_1_1' title='bbox 369 409 423 460; x_wconf 84' lang='lat' dir='ltr'>nn</span> <span class='ocrx_word' id='word_1_2' title='bbox 452 407 733 460; x_wconf 79' lang='lat' dir='ltr'>uraaarmnus</span> <span class='ocrx_word' id='word_1_3' title='bbox 763 407 895 458; x_wconf 79' lang='lat' dir='ltr'>rucei.</span> <span class='ocrx_word' id='word_1_4' title='bbox 1078 391 1149 456; x_wconf 81' lang='lat'>339</span> 
     </span>
    </p>
   </div>
   <div class='ocr_carea' id='block_1_2' title="bbox 19 569 1119 3631">
    <p class='ocr_par' dir='ltr' id='par_1_2' title="bbox 19 569 1119 3631">
     <span class='ocr_line' id='line_1_2' title="bbox 109 569 895 657; baseline -0.009 -16"><span class='ocrx_word' id='word_1_5' title='bbox 109 575 296 650; x_wconf 84' lang='lat' dir='ltr'>Reddimus,</span> <span class='ocrx_word' id='word_1_6' title='bbox 312 584 346 638; x_wconf 89' lang='lat' dir='ltr'>et</span> <span class='ocrx_word' id='word_1_7' title='bbox 360 595 444 637; x_wconf 89' lang='lat' dir='ltr'>nona</span> <span class='ocrx_word' id='word_1_8' title='bbox 458 570 497 637; x_wconf 94' lang='lat' dir='ltr'>de</span> <span class='ocrx_word' id='word_1_9' title='bbox 512 593 622 636; x_wconf 90' lang='lat' dir='ltr'>somno</span> <span class='ocrx_word' id='word_1_10' title='bbox 636 569 796 657; x_wconf 81' lang='lat' dir='ltr'>surgimus</span> <span class='ocrx_word' id='word_1_11' title='bbox 810 569 895 636; x_wconf 88' lang='lat' dir='ltr'>hora.</span> 
     </span>
     <span class='ocr_line' id='line_1_3' title="bbox 110 669 787 756; baseline -0.01 -17"><span class='ocrx_word' id='word_1_12' title='bbox 110 675 217 739; x_wconf 89' lang='lat' dir='ltr'>Unica</span> <span class='ocrx_word' id='word_1_13' title='bbox 231 675 372 737; x_wconf 85' lang='lat' dir='ltr'>restabat</span> <span class='ocrx_word' id='word_1_14' title='bbox 385 693 492 736; x_wconf 90' lang='lat' dir='ltr'>rerum</span> <span class='ocrx_word' id='word_1_15' title='bbox 507 669 692 756; x_wconf 86' lang='lat' dir='ltr'>dignissima</span> <span class='ocrx_word' id='word_1_16' title='bbox 707 669 787 745; x_wconf 86' lang='lat' dir='ltr'>visu,</span> 
     </span>
     <span class='ocr_line' id='line_1_4' title="bbox 111 766 1028 857; baseline -0.007 -20"><span class='ocrx_word' id='word_1_17' title='bbox 111 772 210 837; x_wconf 86' lang='lat' dir='ltr'>Haud</span> <span class='ocrx_word' id='word_1_18' title='bbox 225 771 334 857; x_wconf 89' lang='lat' dir='ltr'>procul</span> <span class='ocrx_word' id='word_1_19' title='bbox 349 769 423 835; x_wconf 91' lang='lat' dir='ltr'>hinc</span> <span class='ocrx_word' id='word_1_20' title='bbox 439 769 589 854; x_wconf 89' lang='lat' dir='ltr'>spelunca</span> <span class='ocrx_word' id='word_1_21' title='bbox 603 766 711 844; x_wconf 71' lang='lat' dir='ltr'>Pom,</span> <span class='ocrx_word' id='word_1_22' title='bbox 727 767 772 832; x_wconf 91' lang='lat' dir='ltr'>sie</span> <span class='ocrx_word' id='word_1_23' title='bbox 786 766 872 832; x_wconf 90' lang='lat' dir='ltr'>dicta</span> <span class='ocrx_word' id='word_1_24' title='bbox 885 788 1028 832; x_wconf 75' lang='lat' dir='ltr'><strong>caverna.</strong></span> 
     </span>
     <span class='ocr_line' id='line_1_5' title="bbox 111 867 839 958; baseline -0.008 -22"><span class='ocrx_word' id='word_1_25' title='bbox 111 871 251 958; x_wconf 83' lang='lat' dir='ltr'>Insignis</span> <span class='ocrx_word' id='word_1_26' title='bbox 266 871 347 935; x_wconf 88' lang='lat' dir='ltr'>latro</span> <span class='ocrx_word' id='word_1_27' title='bbox 363 868 486 944; x_wconf 72' lang='lat' dir='ltr'>Perua,</span> <span class='ocrx_word' id='word_1_28' title='bbox 504 879 546 944; x_wconf 91' lang='lat' dir='ltr'>et,</span> <span class='ocrx_word' id='word_1_29' title='bbox 563 868 590 932; x_wconf 90' lang='lat' dir='ltr'>si</span> <span class='ocrx_word' id='word_1_30' title='bbox 605 868 731 932; x_wconf 89' lang='lat' dir='ltr'>credere</span> <span class='ocrx_word' id='word_1_31' title='bbox 747 867 839 931; x_wconf 89' lang='lat' dir='ltr'>famae</span> 
     </span>
     <span class='ocr_line' id='line_1_6' title="bbox 111 967 845 1054; baseline -0.004 -20"><span class='ocrx_word' id='word_1_32' title='bbox 111 970 285 1046; x_wconf 87' lang='lat' dir='ltr'>Debemus,</span> <span class='ocrx_word' id='word_1_33' title='bbox 301 968 367 1033; x_wconf 88' lang='lat' dir='ltr'>furi</span> <span class='ocrx_word' id='word_1_34' title='bbox 382 991 439 1054; x_wconf 90' lang='lat' dir='ltr'>par</span> <span class='ocrx_word' id='word_1_35' title='bbox 454 967 550 1044; x_wconf 89' lang='lat' dir='ltr'>Caco,</span> <span class='ocrx_word' id='word_1_36' title='bbox 566 977 600 1032; x_wconf 88' lang='lat' dir='ltr'>et</span> <span class='ocrx_word' id='word_1_37' title='bbox 613 968 696 1032; x_wconf 88' lang='lat' dir='ltr'>forte</span> <span class='ocrx_word' id='word_1_38' title='bbox 711 988 845 1032; x_wconf 82' lang='lat' dir='ltr'>eoaevua</span> 
     </span>
     <span class='ocr_line' id='line_1_7' title="bbox 68 1065 831 1150; baseline -0.008 -16"><span class='ocrx_word' id='word_1_39' title='bbox 68 1126 77 1143; x_wconf 83' lang='lat'>,</span> <span class='ocrx_word' id='word_1_40' title='bbox 112 1069 186 1134; x_wconf 89' lang='lat' dir='ltr'>Hac</span> <span class='ocrx_word' id='word_1_41' title='bbox 197 1092 272 1133; x_wconf 87' lang='lat' dir='ltr'>usus</span> <span class='ocrx_word' id='word_1_42' title='bbox 287 1067 408 1132; x_wconf 90' lang='lat' dir='ltr'>latebra</span> <span class='ocrx_word' id='word_1_43' title='bbox 422 1065 589 1131; x_wconf 88' lang='lat' dir='ltr'>consuevit</span> <span class='ocrx_word' id='word_1_44' title='bbox 602 1066 709 1131; x_wconf 89' lang='lat' dir='ltr'>vivere</span> <span class='ocrx_word' id='word_1_45' title='bbox 723 1075 831 1150; x_wconf 78' lang='lat' dir='ltr'>raptoz</span> 
     </span>
     <span class='ocr_line' id='line_1_8' title="bbox 112 1165 901 1251; baseline -0.008 -18"><span class='ocrx_word' id='word_1_46' title='bbox 112 1167 228 1251; x_wconf 83' lang='lat' dir='ltr'>Atque</span> <span class='ocrx_word' id='word_1_47' title='bbox 243 1167 378 1232; x_wconf 89' lang='lat' dir='ltr'>viatores</span> <span class='ocrx_word' id='word_1_48' title='bbox 393 1165 573 1251; x_wconf 90' lang='lat' dir='ltr'>spoliandos</span> <span class='ocrx_word' id='word_1_49' title='bbox 583 1165 698 1229; x_wconf 91' lang='lat' dir='ltr'>ducere</span> <span class='ocrx_word' id='word_1_50' title='bbox 713 1165 747 1229; x_wconf 93' lang='lat' dir='ltr'>in</span> <span class='ocrx_word' id='word_1_51' title='bbox 764 1175 901 1228; x_wconf 90' lang='lat' dir='ltr'>autrum.</span> 
     </span>
     <span class='ocr_line' id='line_1_9' title="bbox 112 1263 872 1349; baseline -0.004 -19"><span class='ocrx_word' id='word_1_52' title='bbox 112 1265 238 1330; x_wconf 86' lang='lat' dir='ltr'>Verum</span> <span class='ocrx_word' id='word_1_53' title='bbox 253 1277 286 1331; x_wconf 88' lang='lat' dir='ltr'>et</span> <span class='ocrx_word' id='word_1_54' title='bbox 302 1265 332 1330; x_wconf 92' lang='lat' dir='ltr'>ei</span> <span class='ocrx_word' id='word_1_55' title='bbox 347 1264 477 1330; x_wconf 83' lang='lat' dir='ltr'>solenne</span> <span class='ocrx_word' id='word_1_56' title='bbox 491 1264 556 1328; x_wconf 78' lang='lat' dir='ltr'>fuit</span> <span class='ocrx_word' id='word_1_57' title='bbox 570 1265 762 1349; x_wconf 86' lang='lat' dir='ltr'>conjungere</span> <span class='ocrx_word' id='word_1_58' title='bbox 777 1263 872 1327; x_wconf 85' lang='lat' dir='ltr'>furtis</span> 
     </span>
     <span class='ocr_line' id='line_1_10' title="bbox 114 1363 960 1447; baseline -0.005 -17"><span class='ocrx_word' id='word_1_59' title='bbox 114 1363 260 1440; x_wconf 80' lang='lat' dir='ltr'>Caedem3</span> <span class='ocrx_word' id='word_1_60' title='bbox 284 1365 329 1430; x_wconf 91' lang='lat' dir='ltr'>sic</span> <span class='ocrx_word' id='word_1_61' title='bbox 343 1363 428 1429; x_wconf 87' lang='lat' dir='ltr'>texit</span> <span class='ocrx_word' id='word_1_62' title='bbox 442 1363 560 1429; x_wconf 88' lang='lat' dir='ltr'>scelera</span> <span class='ocrx_word' id='word_1_63' title='bbox 573 1363 804 1447; x_wconf 89' lang='lat' dir='ltr'>authoremque</span> <span class='ocrx_word' id='word_1_64' title='bbox 818 1384 960 1428; x_wconf 78' lang='lat' dir='ltr'>caverna.</span> 
     </span>
     <span class='ocr_line' id='line_1_11' title="bbox 19 1462 819 1550; baseline -0.001 -21"><span class='ocrx_word' id='word_1_65' title='bbox 19 1470 87 1529; x_wconf 83' lang='grc'>480</span> <span class='ocrx_word' id='word_1_66' title='bbox 114 1463 209 1530; x_wconf 86' lang='lat' dir='ltr'>Ilanc</span> <span class='ocrx_word' id='word_1_67' title='bbox 223 1463 397 1550; x_wconf 89' lang='lat' dir='ltr'>inspecturi</span> <span class='ocrx_word' id='word_1_68' title='bbox 412 1463 549 1548; x_wconf 89' lang='lat' dir='ltr'>penitus,</span> <span class='ocrx_word' id='word_1_69' title='bbox 565 1462 697 1528; x_wconf 90' lang='lat' dir='ltr'>ductore</span> <span class='ocrx_word' id='word_1_70' title='bbox 716 1462 819 1548; x_wconf 86' lang='lat' dir='ltr'>perito</span> 
     </span>
     <span class='ocr_line' id='line_1_12' title="bbox 114 1561 885 1648; baseline -0.005 -20"><span class='ocrx_word' id='word_1_71' title='bbox 114 1561 279 1629; x_wconf 88' lang='lat' dir='ltr'>Caecarum</span> <span class='ocrx_word' id='word_1_72' title='bbox 295 1572 456 1648; x_wconf 88' lang='lat' dir='ltr'>assumpto</span> <span class='ocrx_word' id='word_1_73' title='bbox 471 1562 535 1626; x_wconf 91' lang='lat' dir='ltr'>ima</span> <span class='ocrx_word' id='word_1_74' title='bbox 549 1564 609 1627; x_wconf 90' lang='lat' dir='ltr'>sub</span> <span class='ocrx_word' id='word_1_75' title='bbox 625 1562 738 1627; x_wconf 86' lang='lat' dir='ltr'>tellure</span> <span class='ocrx_word' id='word_1_76' title='bbox 753 1561 885 1637; x_wconf 85' lang='lat' dir='ltr'>viarum,</span> 
     </span>
     <span class='ocr_line' id='line_1_13' title="bbox 112 1661 924 1748; baseline -0.001 -23"><span class='ocrx_word' id='word_1_77' title='bbox 112 1662 249 1726; x_wconf 79' lang='lat' dir='ltr'>Erimus</span> <span class='ocrx_word' id='word_1_78' title='bbox 264 1662 396 1748; x_wconf 84' lang='lat' dir='ltr'>pedites,</span> <span class='ocrx_word' id='word_1_79' title='bbox 412 1663 524 1727; x_wconf 91' lang='lat' dir='ltr'>collem</span> <span class='ocrx_word' id='word_1_80' title='bbox 542 1662 745 1748; x_wconf 88' lang='lat' dir='ltr'>petimusque</span> <span class='ocrx_word' id='word_1_81' title='bbox 758 1661 924 1737; x_wconf 83' lang='lat' dir='ltr'>virentem,</span> 
     </span>
     <span class='ocr_line' id='line_1_14' title="bbox 113 1760 869 1847; baseline 0 -22"><span class='ocrx_word' id='word_1_82' title='bbox 113 1761 294 1826; x_wconf 89' lang='lat' dir='ltr'>Distantcm</span> <span class='ocrx_word' id='word_1_83' title='bbox 310 1772 419 1826; x_wconf 88' lang='lat' dir='ltr'>nostra</span> <span class='ocrx_word' id='word_1_84' title='bbox 434 1761 489 1826; x_wconf 91' lang='lat' dir='ltr'>vix</span> <span class='ocrx_word' id='word_1_85' title='bbox 504 1784 614 1847; x_wconf 89' lang='lat' dir='ltr'>passus</span> <span class='ocrx_word' id='word_1_86' title='bbox 628 1760 715 1826; x_wconf 89' lang='lat' dir='ltr'>mille</span> <span class='ocrx_word' id='word_1_87' title='bbox 730 1762 869 1826; x_wconf 86' lang='lat' dir='ltr'>taberna.</span> 
     </span>
     <span class='ocr_line' id='line_1_15' title="bbox 114 1858 787 1945; baseline -0.001 -21"><span class='ocrx_word' id='word_1_88' title='bbox 114 1859 204 1945; x_wconf 81' lang='lat' dir='ltr'>Ipsus</span> <span class='ocrx_word' id='word_1_89' title='bbox 218 1860 257 1924; x_wconf 91' lang='lat' dir='ltr'>ad</span> <span class='ocrx_word' id='word_1_90' title='bbox 274 1858 390 1924; x_wconf 88' lang='lat' dir='ltr'>montis</span> <span class='ocrx_word' id='word_1_91' title='bbox 405 1858 525 1924; x_wconf 80' lang='lat' dir='ltr'>radices</span> <span class='ocrx_word' id='word_1_92' title='bbox 540 1882 678 1925; x_wconf 87' lang='lat' dir='ltr'>concava</span> <span class='ocrx_word' id='word_1_93' title='bbox 692 1858 787 1924; x_wconf 89' lang='lat' dir='ltr'>tellus</span> 
     </span>
     <span class='ocr_line' id='line_1_16' title="bbox 114 1957 871 2043; baseline -0.001 -21"><span class='ocrx_word' id='word_1_94' title='bbox 114 1957 288 2023; x_wconf 88' lang='lat' dir='ltr'>Prostratis</span> <span class='ocrx_word' id='word_1_95' title='bbox 302 1958 424 2024; x_wconf 87' lang='lat' dir='ltr'>aditum</span> <span class='ocrx_word' id='word_1_96' title='bbox 440 1967 569 2043; x_wconf 85' lang='lat' dir='ltr'>pertusa</span> <span class='ocrx_word' id='word_1_97' title='bbox 583 1957 736 2023; x_wconf 86' lang='lat' dir='ltr'>foramine</span> <span class='ocrx_word' id='word_1_98' title='bbox 750 1960 871 2043; x_wconf 84' lang='lat' dir='ltr'>praebet</span> 
     </span>
     <span class='ocr_line' id='line_1_17' title="bbox 114 2056 861 2144; baseline -0.003 -21"><span class='ocrx_word' id='word_1_99' title='bbox 114 2059 253 2144; x_wconf 84' lang='lat' dir='ltr'>Exiguo,</span> <span class='ocrx_word' id='word_1_100' title='bbox 269 2057 373 2122; x_wconf 91' lang='lat' dir='ltr'>minus</span> <span class='ocrx_word' id='word_1_101' title='bbox 387 2069 421 2123; x_wconf 88' lang='lat' dir='ltr'>at</span> <span class='ocrx_word' id='word_1_102' title='bbox 435 2057 605 2143; x_wconf 73' lang='lat' dir='ltr'>praemissis</span> <span class='ocrx_word' id='word_1_103' title='bbox 620 2057 706 2122; x_wconf 84' lang='lat' dir='ltr'>invia</span> <span class='ocrx_word' id='word_1_104' title='bbox 720 2056 861 2143; x_wconf 79' lang='lat' dir='ltr'>plantis².</span> 
     </span>
     <span class='ocr_line' id='line_1_18' title="bbox 115 2155 883 2240; baseline -0.004 -17"><span class='ocrx_word' id='word_1_105' title='bbox 115 2156 235 2223; x_wconf 92' lang='lat' dir='ltr'>Omnes</span> <span class='ocrx_word' id='word_1_106' title='bbox 250 2156 398 2221; x_wconf 90' lang='lat' dir='ltr'>cancrino</span> <span class='ocrx_word' id='word_1_107' title='bbox 411 2178 533 2240; x_wconf 87' lang='lat' dir='ltr'>gressu,</span> <span class='ocrx_word' id='word_1_108' title='bbox 548 2166 739 2240; x_wconf 88' lang='lat' dir='ltr'>sumptaque</span> <span class='ocrx_word' id='word_1_109' title='bbox 754 2155 883 2220; x_wconf 88' lang='lat' dir='ltr'>lucerua</span> 
     </span>
     <span class='ocr_line' id='line_1_19' title="bbox 116 2254 1000 2341; baseline -0.002 -21"><span class='ocrx_word' id='word_1_110' title='bbox 116 2255 261 2339; x_wconf 84' lang='lat' dir='ltr'>Quisque</span> <span class='ocrx_word' id='word_1_111' title='bbox 277 2278 343 2331; x_wconf 86' lang='lat' dir='ltr'>sua,</span> <span class='ocrx_word' id='word_1_112' title='bbox 359 2255 488 2319; x_wconf 88' lang='lat' dir='ltr'>tandem</span> <span class='ocrx_word' id='word_1_113' title='bbox 503 2254 759 2332; x_wconf 82' lang='lat' dir='ltr'>transmittimur,</span> <span class='ocrx_word' id='word_1_114' title='bbox 775 2254 1000 2341; x_wconf 84' lang='lat' dir='ltr'>erigimurque.</span> 
     </span>
     <span class='ocr_line' id='line_1_20' title="bbox 115 2352 1119 2439; baseline -0.002 -21"><span class='ocrx_word' id='word_1_115' title='bbox 115 2354 270 2429; x_wconf 84' lang='lat' dir='ltr'>Antrum,</span> <span class='ocrx_word' id='word_1_116' title='bbox 286 2353 488 2429; x_wconf 90' lang='lat' dir='ltr'>horrendum,</span> <span class='ocrx_word' id='word_1_117' title='bbox 505 2352 650 2429; x_wconf 86' lang='lat' dir='ltr'>informe,</span> <span class='ocrx_word' id='word_1_118' title='bbox 666 2352 780 2438; x_wconf 85' lang='lat' dir='ltr'>ingens</span> <span class='ocrx_word' id='word_1_119' title='bbox 794 2353 945 2439; x_wconf 89' lang='lat' dir='ltr'>aperitur.</span> <span class='ocrx_word' id='word_1_120' title='bbox 990 2352 1036 2417; x_wconf 86' lang='lat' dir='ltr'>Et</span> <span class='ocrx_word' id='word_1_121' title='bbox 1050 2362 1119 2416; x_wconf 90' lang='lat' dir='ltr'>atra</span> 
     </span>
     <span class='ocr_line' id='line_1_21' title="bbox 20 2451 854 2537; baseline -0.007 -14"><span class='ocrx_word' id='word_1_122' title='bbox 20 2462 89 2522; x_wconf 83' lang='lat'>490</span> <span class='ocrx_word' id='word_1_123' title='bbox 114 2453 228 2517; x_wconf 84' lang='lat' dir='ltr'>Divisa</span> <span class='ocrx_word' id='word_1_124' title='bbox 242 2452 275 2514; x_wconf 94' lang='lat' dir='ltr'>in</span> <span class='ocrx_word' id='word_1_125' title='bbox 290 2461 395 2537; x_wconf 89' lang='lat' dir='ltr'>partes</span> <span class='ocrx_word' id='word_1_126' title='bbox 417 2474 482 2516; x_wconf 90' lang='lat' dir='ltr'>nox</span> <span class='ocrx_word' id='word_1_127' title='bbox 496 2451 613 2517; x_wconf 86' lang='lat' dir='ltr'>dissilit</span> <span class='ocrx_word' id='word_1_128' title='bbox 627 2452 725 2517; x_wconf 89' lang='lat' dir='ltr'>atrior</span> <span class='ocrx_word' id='word_1_129' title='bbox 738 2455 854 2519; x_wconf 89' lang='lat' dir='ltr'>ambas.</span> 
     </span>
     <span class='ocr_line' id='line_1_22' title="bbox 114 2550 898 2637; baseline 0 -22"><span class='ocrx_word' id='word_1_130' title='bbox 114 2551 306 2637; x_wconf 83' lang='lat' dir='ltr'>Asperaque</span> <span class='ocrx_word' id='word_1_131' title='bbox 322 2563 454 2635; x_wconf 90' lang='lat' dir='ltr'>apparet</span> <span class='ocrx_word' id='word_1_132' title='bbox 468 2550 609 2626; x_wconf 87' lang='lat' dir='ltr'>latronis,</span> <span class='ocrx_word' id='word_1_133' title='bbox 626 2562 659 2615; x_wconf 92' lang='lat' dir='ltr'>et</span> <span class='ocrx_word' id='word_1_134' title='bbox 673 2551 800 2615; x_wconf 87' lang='lat' dir='ltr'>horrida</span> <span class='ocrx_word' id='word_1_135' title='bbox 814 2551 898 2616; x_wconf 82' lang='lat' dir='ltr'>saxis</span> 
     </span>
     <span class='ocr_line' id='line_1_23' title="bbox 113 2649 927 2737; baseline -0.001 -22"><span class='ocrx_word' id='word_1_136' title='bbox 113 2650 225 2737; x_wconf 85' lang='lat' dir='ltr'>Regia</span> <span class='ocrx_word' id='word_1_137' title='bbox 271 2649 463 2714; x_wconf 86' lang='lat' dir='ltr'>Percussum</span> <span class='ocrx_word' id='word_1_138' title='bbox 477 2650 574 2715; x_wconf 90' lang='lat' dir='ltr'>rutilo</span> <span class='ocrx_word' id='word_1_139' title='bbox 589 2649 686 2714; x_wconf 86' lang='lat' dir='ltr'>micat</span> <span class='ocrx_word' id='word_1_140' title='bbox 701 2650 773 2736; x_wconf 87' lang='lat' dir='ltr'>igne</span> <span class='ocrx_word' id='word_1_141' title='bbox 788 2650 927 2715; x_wconf 86' lang='lat' dir='ltr'>lacunar.</span> 
     </span>
     <span class='ocr_line' id='line_1_24' title="bbox 114 2748 969 2836; baseline -0.001 -23"><span class='ocrx_word' id='word_1_142' title='bbox 114 2749 354 2836; x_wconf 78' lang='lat' dir='ltr'>Progredimur‚</span> <span class='ocrx_word' id='word_1_143' title='bbox 370 2748 568 2834; x_wconf 89' lang='lat' dir='ltr'>pedibusque</span> <span class='ocrx_word' id='word_1_144' title='bbox 583 2748 710 2813; x_wconf 88' lang='lat' dir='ltr'>admoto</span> <span class='ocrx_word' id='word_1_145' title='bbox 725 2748 845 2814; x_wconf 89' lang='lat' dir='ltr'>lumine</span> <span class='ocrx_word' id='word_1_146' title='bbox 858 2748 969 2823; x_wconf 82' lang='lat' dir='ltr'>cautis,</span> 
     </span>
     <span class='ocr_line' id='line_1_25' title="bbox 116 2847 963 2934; baseline -0.001 -20"><span class='ocrx_word' id='word_1_147' title='bbox 116 2848 201 2915; x_wconf 84' lang='lat' dir='ltr'>Saxa</span> <span class='ocrx_word' id='word_1_148' title='bbox 216 2848 368 2934; x_wconf 85' lang='lat' dir='ltr'>ingentia,</span> <span class='ocrx_word' id='word_1_149' title='bbox 384 2847 516 2924; x_wconf 89' lang='lat' dir='ltr'>roscida,</span> <span class='ocrx_word' id='word_1_150' title='bbox 533 2848 663 2924; x_wconf 87' lang='lat' dir='ltr'>lubrica,</span> <span class='ocrx_word' id='word_1_151' title='bbox 680 2859 712 2913; x_wconf 91' lang='lat' dir='ltr'>et</span> <span class='ocrx_word' id='word_1_152' title='bbox 727 2847 826 2913; x_wconf 91' lang='lat' dir='ltr'>ardua</span> <span class='ocrx_word' id='word_1_153' title='bbox 841 2871 963 2924; x_wconf 90' lang='lat' dir='ltr'>scansu,</span> 
     </span>
     <span class='ocr_line' id='line_1_26' title="bbox 115 2947 919 3034; baseline 0.001 -22"><span class='ocrx_word' id='word_1_154' title='bbox 115 2948 245 3024; x_wconf 87' lang='lat' dir='ltr'>Libera,</span> <span class='ocrx_word' id='word_1_155' title='bbox 261 2948 440 3013; x_wconf 89' lang='lat' dir='ltr'>corruitura</span> <span class='ocrx_word' id='word_1_156' title='bbox 455 2947 562 3025; x_wconf 88' lang='lat' dir='ltr'>semel,</span> <span class='ocrx_word' id='word_1_157' title='bbox 577 2971 663 3013; x_wconf 91' lang='lat' dir='ltr'>nunc</span> <span class='ocrx_word' id='word_1_158' title='bbox 678 2971 754 3034; x_wconf 90' lang='lat' dir='ltr'>ergo</span> <span class='ocrx_word' id='word_1_159' title='bbox 769 2948 919 3025; x_wconf 86' lang='lat' dir='ltr'>timenda,</span> 
     </span>
     <span class='ocr_line' id='line_1_27' title="bbox 117 3047 878 3132; baseline 0 -20"><span class='ocrx_word' id='word_1_160' title='bbox 117 3047 308 3132; x_wconf 87' lang='lat' dir='ltr'>Saxosaeque</span> <span class='ocrx_word' id='word_1_161' title='bbox 323 3047 407 3112; x_wconf 86' lang='lat' dir='ltr'>feros</span> <span class='ocrx_word' id='word_1_162' title='bbox 422 3059 545 3112; x_wconf 89' lang='lat' dir='ltr'>montes</span> <span class='ocrx_word' id='word_1_163' title='bbox 560 3048 720 3132; x_wconf 87' lang='lat' dir='ltr'>vallesque</span> <span class='ocrx_word' id='word_1_164' title='bbox 736 3070 878 3112; x_wconf 88' lang='lat' dir='ltr'>cavernae</span> 
     </span>
     <span class='ocr_line' id='line_1_28' title="bbox 115 3146 965 3232; baseline -0.001 -21"><span class='ocrx_word' id='word_1_165' title='bbox 115 3147 321 3223; x_wconf 84' lang='lat' dir='ltr'>Transimus3</span> <span class='ocrx_word' id='word_1_166' title='bbox 344 3147 543 3230; x_wconf 84' lang='lat' dir='ltr'>fluviumque</span> <span class='ocrx_word' id='word_1_167' title='bbox 559 3170 631 3211; x_wconf 89' lang='lat' dir='ltr'>suas</span> <span class='ocrx_word' id='word_1_168' title='bbox 647 3148 703 3231; x_wconf 93' lang='lat' dir='ltr'>qui</span> <span class='ocrx_word' id='word_1_169' title='bbox 718 3147 849 3232; x_wconf 87' lang='lat' dir='ltr'>dissipat</span> <span class='ocrx_word' id='word_1_170' title='bbox 864 3146 965 3211; x_wconf 91' lang='lat' dir='ltr'>undas</span> 
     </span>
     <span class='ocr_line' id='line_1_29' title="bbox 116 3245 921 3332; baseline -0.002 -21"><span class='ocrx_word' id='word_1_171' title='bbox 116 3245 229 3311; x_wconf 86' lang='lat' dir='ltr'>Caecus</span> <span class='ocrx_word' id='word_1_172' title='bbox 244 3246 277 3310; x_wconf 91' lang='lat' dir='ltr'>in</span> <span class='ocrx_word' id='word_1_173' title='bbox 293 3247 432 3331; x_wconf 88' lang='lat' dir='ltr'>objectas</span> <span class='ocrx_word' id='word_1_174' title='bbox 447 3245 627 3331; x_wconf 84' lang='lat' dir='ltr'>impingens</span> <span class='ocrx_word' id='word_1_175' title='bbox 641 3268 803 3311; x_wconf 87' lang='lat' dir='ltr'>murmure</span> <span class='ocrx_word' id='word_1_176' title='bbox 817 3270 921 3332; x_wconf 89' lang='lat' dir='ltr'>rupes.</span> 
     </span>
     <span class='ocr_line' id='line_1_30' title="bbox 116 3344 974 3430; baseline 0 -21"><span class='ocrx_word' id='word_1_177' title='bbox 116 3344 182 3426; x_wconf 82' lang='lat' dir='ltr'>Qui</span> <span class='ocrx_word' id='word_1_178' title='bbox 197 3345 320 3410; x_wconf 87' lang='lat' dir='ltr'>scandit</span> <span class='ocrx_word' id='word_1_179' title='bbox 338 3367 433 3410; x_wconf 88' lang='lat' dir='ltr'>rauco</span> <span class='ocrx_word' id='word_1_180' title='bbox 448 3357 631 3430; x_wconf 85' lang='lat' dir='ltr'>surgentem</span> <span class='ocrx_word' id='word_1_181' title='bbox 646 3369 665 3410; x_wconf 91' lang='lat' dir='ltr'>a</span> <span class='ocrx_word' id='word_1_182' title='bbox 679 3345 809 3411; x_wconf 90' lang='lat' dir='ltr'>flumine</span> <span class='ocrx_word' id='word_1_183' title='bbox 824 3357 974 3421; x_wconf 88' lang='lat' dir='ltr'>montem,</span> 
     </span>
     <span class='ocr_line' id='line_1_31' title="bbox 23 3443 944 3530; baseline -0.009 -12"><span class='ocrx_word' id='word_1_184' title='bbox 23 3459 89 3518; x_wconf 86' lang='lat'>500</span> <span class='ocrx_word' id='word_1_185' title='bbox 116 3443 176 3508; x_wconf 92' lang='lat' dir='ltr'>Illc</span> <span class='ocrx_word' id='word_1_186' title='bbox 191 3444 267 3508; x_wconf 90' lang='lat' dir='ltr'>licet</span> <span class='ocrx_word' id='word_1_187' title='bbox 282 3443 439 3528; x_wconf 79' lang='lat' dir='ltr'>audetque</span> <span class='ocrx_word' id='word_1_188' title='bbox 454 3445 613 3530; x_wconf 89' lang='lat' dir='ltr'>pedesque</span> <span class='ocrx_word' id='word_1_189' title='bbox 629 3467 805 3529; x_wconf 91' lang='lat' dir='ltr'>manusque</span> <span class='ocrx_word' id='word_1_190' title='bbox 821 3444 944 3530; x_wconf 86' lang='lat' dir='ltr'>fatiget,</span> 
     </span>
     <span class='ocr_line' id='line_1_32' title="bbox 116 3542 928 3631; baseline 0.002 -25"><span class='ocrx_word' id='word_1_191' title='bbox 116 3542 239 3607; x_wconf 89' lang='lat' dir='ltr'>Dissita</span> <span class='ocrx_word' id='word_1_192' title='bbox 253 3544 293 3607; x_wconf 93' lang='lat' dir='ltr'>ab</span> <span class='ocrx_word' id='word_1_193' title='bbox 308 3543 443 3607; x_wconf 89' lang='lat' dir='ltr'>introitu</span> <span class='ocrx_word' id='word_1_194' title='bbox 458 3544 567 3608; x_wconf 86' lang='lat' dir='ltr'>stadiis</span> <span class='ocrx_word' id='word_1_195' title='bbox 582 3544 695 3620; x_wconf 88' lang='lat' dir='ltr'>tribus,</span> <span class='ocrx_word' id='word_1_196' title='bbox 711 3545 824 3610; x_wconf 89' lang='lat' dir='ltr'>ultima</span> <span class='ocrx_word' id='word_1_197' title='bbox 838 3545 928 3631; x_wconf 91' lang='lat' dir='ltr'>opaci</span> 
     </span>
    </p>
   </div>
   <div class='ocr_carea' id='block_1_3' title="bbox 117 3641 1068 4222">
    <p class='ocr_par' dir='ltr' id='par_1_3' title="bbox 117 3641 810 3729">
     <span class='ocr_line' id='line_1_33' title="bbox 117 3641 810 3729; baseline 0.001 -23"><span class='ocrx_word' id='word_1_198' title='bbox 117 3641 286 3729; x_wconf 89' lang='lat' dir='ltr'>Pertinget</span> <span class='ocrx_word' id='word_1_199' title='bbox 300 3642 418 3726; x_wconf 88' lang='lat' dir='ltr'>(multo</span> <span class='ocrx_word' id='word_1_200' title='bbox 432 3643 523 3707; x_wconf 93' lang='lat' dir='ltr'>nobis</span> <span class='ocrx_word' id='word_1_201' title='bbox 537 3643 702 3728; x_wconf 90' lang='lat' dir='ltr'>audacior)</span> <span class='ocrx_word' id='word_1_202' title='bbox 717 3643 810 3708; x_wconf 87' lang='lat' dir='ltr'>antri.</span> 
     </span>
    </p>

    <p class='ocr_par' dir='ltr' id='par_1_4' title="bbox 117 3740 1056 4123">
     <span class='ocr_line' id='line_1_34' title="bbox 120 3740 1040 3828; baseline 0 -21"><span class='ocrx_word' id='word_1_203' title='bbox 120 3741 310 3826; x_wconf 90' lang='lat' dir='ltr'>Speluncam</span> <span class='ocrx_word' id='word_1_204' title='bbox 326 3741 407 3806; x_wconf 90' lang='lat' dir='ltr'>hanc</span> <span class='ocrx_word' id='word_1_205' title='bbox 423 3740 531 3805; x_wconf 84' lang='lat' dir='ltr'>credas</span> <span class='ocrx_word' id='word_1_206' title='bbox 546 3741 721 3806; x_wconf 84' lang='lat' dir='ltr'>habitatam</span> <span class='ocrx_word' id='word_1_207' title='bbox 737 3741 887 3828; x_wconf 89' lang='lat' dir='ltr'>Gorgone</span> <span class='ocrx_word' id='word_1_208' title='bbox 903 3743 1040 3828; x_wconf 91' lang='lat' dir='ltr'>primum</span> 
     </span>
     <span class='ocr_line' id='line_1_35' title="bbox 120 3840 1009 3926; baseline 0.002 -22"><span class='ocrx_word' id='word_1_209' title='bbox 120 3840 336 3925; x_wconf 84' lang='lat' dir='ltr'>Anguicoma,</span> <span class='ocrx_word' id='word_1_210' title='bbox 352 3852 386 3905; x_wconf 91' lang='lat' dir='ltr'>et</span> <span class='ocrx_word' id='word_1_211' title='bbox 400 3863 490 3905; x_wconf 90' lang='lat' dir='ltr'>versa</span> <span class='ocrx_word' id='word_1_212' title='bbox 504 3841 538 3904; x_wconf 92' lang='lat' dir='ltr'>in</span> <span class='ocrx_word' id='word_1_213' title='bbox 553 3841 692 3926; x_wconf 85' lang='lat' dir='ltr'>rigidum</span> <span class='ocrx_word' id='word_1_214' title='bbox 707 3842 752 3906; x_wconf 92' lang='lat' dir='ltr'>sic</span> <span class='ocrx_word' id='word_1_215' title='bbox 767 3841 873 3906; x_wconf 90' lang='lat' dir='ltr'>omnia</span> <span class='ocrx_word' id='word_1_216' title='bbox 887 3865 1009 3906; x_wconf 85' lang='lat' dir='ltr'>saxum.</span> 
     </span>
     <span class='ocr_line' id='line_1_36' title="bbox 117 3938 1056 4023; baseline 0.002 -21"><span class='ocrx_word' id='word_1_217' title='bbox 117 3938 203 4002; x_wconf 91' lang='lat' dir='ltr'>Nam</span> <span class='ocrx_word' id='word_1_218' title='bbox 218 3939 298 4023; x_wconf 85' lang='lat' dir='ltr'>lapis</span> <span class='ocrx_word' id='word_1_219' title='bbox 313 3950 362 4003; x_wconf 88' lang='lat' dir='ltr'>est</span> <span class='ocrx_word' id='word_1_220' title='bbox 377 3939 591 4023; x_wconf 90' lang='lat' dir='ltr'>quodcunque</span> <span class='ocrx_word' id='word_1_221' title='bbox 606 3939 703 4004; x_wconf 91' lang='lat' dir='ltr'>vides.</span> <span class='ocrx_word' id='word_1_222' title='bbox 749 3939 970 4023; x_wconf 88' lang='lat' dir='ltr'>Laquearibus</span> <span class='ocrx_word' id='word_1_223' title='bbox 985 3941 1056 4005; x_wconf 86' lang='lat' dir='ltr'>altis</span> 
     </span>
     <span class='ocr_line' id='line_1_37' title="bbox 119 4038 875 4123; baseline 0.001 -22"><span class='ocrx_word' id='word_1_224' title='bbox 119 4038 199 4119; x_wconf 74' lang='lat' dir='ltr'>Quae</span> <span class='ocrx_word' id='word_1_225' title='bbox 215 4038 289 4102; x_wconf 90' lang='lat' dir='ltr'>sicci</span> <span class='ocrx_word' id='word_1_226' title='bbox 306 4038 365 4103; x_wconf 89' lang='lat' dir='ltr'>tibi</span> <span class='ocrx_word' id='word_1_227' title='bbox 381 4051 472 4121; x_wconf 78' lang='lat' dir='ltr'>terga</span> <span class='ocrx_word' id='word_1_228' title='bbox 486 4039 551 4102; x_wconf 87' lang='lat' dir='ltr'>suis</span> <span class='ocrx_word' id='word_1_229' title='bbox 566 4039 702 4123; x_wconf 89' lang='lat' dir='ltr'>pendere</span> <span class='ocrx_word' id='word_1_230' title='bbox 717 4039 875 4115; x_wconf 84' lang='lat' dir='ltr'>videntur,</span> 
     </span>
    </p>

    <p class='ocr_par' dir='ltr' id='par_1_5' title="bbox 120 4136 1068 4222">
     <span class='ocr_line' id='line_1_38' title="bbox 120 4136 1068 4222; baseline 0.003 -23"><span class='ocrx_word' id='word_1_231' title='bbox 120 4137 280 4202; x_wconf 86' lang='lat' dir='ltr'>Dentibus</span> <span class='ocrx_word' id='word_1_232' title='bbox 296 4136 380 4201; x_wconf 89' lang='lat' dir='ltr'>haud</span> <span class='ocrx_word' id='word_1_233' title='bbox 395 4137 517 4201; x_wconf 89' lang='lat' dir='ltr'>cedent.</span> <span class='ocrx_word' id='word_1_234' title='bbox 565 4138 690 4201; x_wconf 86' lang='lat' dir='ltr'>Durum</span> <span class='ocrx_word' id='word_1_235' title='bbox 706 4150 782 4203; x_wconf 91' lang='lat' dir='ltr'>sunt</span> <span class='ocrx_word' id='word_1_236' title='bbox 796 4151 932 4222; x_wconf 90' lang='lat' dir='ltr'>utraque</span> <span class='ocrx_word' id='word_1_237' title='bbox 947 4161 1068 4202; x_wconf 86' lang='lat' dir='ltr'>saxum.</span> 
     </span>
    </p>
   </div>
   <div class='ocr_carea' id='block_1_4' title="bbox 293 4334 1062 4498">
    <p class='ocr_par' dir='ltr' id='par_1_6' title="bbox 293 4334 1062 4498">
     <span class='ocr_line' id='line_1_39' title="bbox 293 4334 987 4401; baseline 0.001 -15"><span class='ocrx_word' id='word_1_238' title='bbox 293 4334 299 4364; x_wconf 83' lang='lat'><strong>¹</strong></span> <span class='ocrx_word' id='word_1_239' title='bbox 312 4334 394 4387; x_wconf 85' lang='lat' dir='ltr'>Pool&#39;s</span> <span class='ocrx_word' id='word_1_240' title='bbox 409 4335 486 4401; x_wconf 86' lang='lat' dir='ltr'>llole,</span> <span class='ocrx_word' id='word_1_241' title='bbox 499 4337 593 4388; x_wconf 75' lang='lat' dir='ltr'>llirab.</span> <span class='ocrx_word' id='word_1_242' title='bbox 605 4354 652 4388; x_wconf 80' lang='lat' dir='ltr'>ru.</span> <span class='ocrx_word' id='word_1_243' title='bbox 844 4337 855 4368; x_wconf 87' lang='lat'>²</span> <span class='ocrx_word' id='word_1_244' title='bbox 867 4336 987 4390; x_wconf 87' lang='lat' dir='ltr'>Pedibus.</span> 
     </span>
     <span class='ocr_line' id='line_1_40' title="bbox 1011 4448 1062 4498; baseline 0 -8"><span class='ocrx_word' id='word_1_245' title='bbox 1011 4451 1031 4498; x_wconf 88' lang='grc' dir='ltr'>Ζ</span> <span class='ocrx_word' id='word_1_246' title='bbox 1048 4448 1062 4490; x_wconf 79' lang='lat'><em>2</em></span> 
     </span>
    </p>
   </div>
   <div class='ocr_carea' id='block_1_5' title="bbox 0 0 1494 5054">
    <p class='ocr_par' dir='ltr' id='par_1_7' title="bbox 0 0 1494 5054">
     <span class='ocr_line' id='line_1_41' title="bbox 0 0 1494 5054; baseline 0 0"><span class='ocrx_word' id='word_1_247' title='bbox 0 0 1494 5054; x_wconf 95' lang='lat' dir='ltr'> </span> 
     </span>
    </p>
   </div>
  </div>
 </body>
</html>
