2932 5054
529 416 864 468 nccnnslnsrrcn.
1146 405 1219 468 395

175 582 240 646 See.
264 579 315 644 At
329 579 454 644 daemon
469 579 615 656 mendax,
627 579 683 664 qui
699 602 786 645 nuno
800 578 983 664 possederat
996 579 1090 665 ipsos,

220 678 255 745 Si
271 679 357 745 credi
372 690 535 765 cuperent,
551 679 724 764 ejiciendus
739 690 818 745 erat.

175 779 235 843 Pr.
262 777 400 864 Spiritus
415 777 526 865 (adde)
540 789 573 842 et
588 777 740 855 avaritiae,
756 778 923 861 fastusque
937 777 1077 863 superbi,

219 877 314 955 Litis,
330 877 490 954 vindictae,
506 877 703 962 saevitiaeque
718 876 806 944 ferae.

178 976 240 1040 Sed
255 999 341 1041 nuno
356 975 500 1040 ridiculae
516 975 669 1041 miracula
684 976 777 1040 mitto
790 975 959 1061 legendae余

220 1076 270 1141 Ut
285 1099 356 1160 quae
366 1075 555 1161 jamdudum
571 1087 648 1140 sunt
662 1075 722 1140 tibi
736 1084 815 1140 nota
828 1074 914 1141 satis.

176 1175 250 1241 Hoc
263 1197 333 1240 aevo
348 1184 442 1239 tenue
457 1173 607 1259 spoliavit
620 1184 711 1260 parte
726 1173 855 1239 Latinae

219 1275 292 1340 Rex
305 1274 562 1339 Lombardorum
576 1273 768 1339 Pontificem
783 1273 892 1338 laious.

176 1373 263 1438 Tum
278 1396 335 1438 rex
350 1372 558 1457 Chilperieus,
574 1373 721 1458 stupidus
736 1370 933 1458 cognomine,
946 1393 1080 1458 regnum

221 1471 386 1537 Gallorum
403 1471 525 1536 tenuit:
550 1471 628 1537 fecit
641 1481 676 1537 at
690 1472 758 1558 ipse
773 1470 874 1535 nihil:
1139 1474 1222 1536 1730

177 1572 296 1639 Omnia
310 1583 379 1637 erat
394 1571 551 1657 Pipinus3
574 1594 732 1657 opemque
747 1570 850 1636 oravit
864 1571 905 1636 ab
920 1569 975 1636 illo

220 1672 338 1738 Contra
352 1671 551 1736 Lombardos
566 1670 676 1758 Papa3
699 1694 759 1737 neo
773 1670 827 1736 ille
842 1680 949 1755 negat.

178 1769 292 1835 Armis
307 1768 435 1834 Italiam
451 1769 554 1855 petiit,
570 1769 733 1855 superavit
747 1778 781 1834 et
794 1768 939 1844 hostem余

220 1868 372 1934 Pontifici
387 1870 512 1956 glebam
528 1869 735 1953 restituitque
750 1891 850 1933 suam.

176 1967 286 2052 Digna
301 1990 394 2053 rogas
409 1990 513 2052 operae
528 1989 602 2051 quae
617 1968 703 2054 oepit
717 1966 847 2053 praemia
861 1968 986 2031 tantae?

217 2066 274 2131 Fit
289 2089 346 2131 rex
363 2066 515 2151 Pipinus:
541 2065 742 2152 Chilperieus
756 2064 940 2131 monachus.

181 2165 345 2232 Necdum
361 2165 433 2230 finis
449 2176 535 2231 erat:
553 2165 670 2252 Pipino
685 2175 787 2231 morte
801 2177 925 2231 remoto

222 2262 423 2330 Lombardus
439 2263 543 2329 vietus
557 2287 667 2329 rursus
682 2265 716 2329 in
731 2287 819 2330 arma
832 2264 909 2329 ruit.

180 2365 315 2431 Ablatas
329 2364 446 2428 iterum
461 2363 624 2428 Romanas
638 2375 773 2451 occupat
787 2366 892 2442 urbes,

222 2463 312 2547 Quas
327 2463 444 2528 iterum
461 2462 551 2528 miles
567 2463 709 2529 Gallicus
724 2464 848 2549 eripiet
1142 2461 1225 2530 1740

180 2563 266 2629 Nam
282 2563 413 2630 Carolus
430 2563 579 2649 Magnus,
597 2562 707 2649 Pipini
721 2562 816 2640 filius,
832 2562 929 2627 armis

224 2662 438 2728 Lambardum
454 2673 579 2748 ereptos
594 2663 726 2728 reddere
740 2661 827 2747 cogit
841 2684 942 2748 agros.

179 2761 226 2827 Et
240 2762 371 2828 veniens
385 2760 532 2838 Romam,
549 2761 687 2827 turbatis
702 2760 869 2826 schismate
884 2761 1009 2826 firmam

224 2861 375 2926 Romanis
390 2882 501 2946 paoem
514 2861 769 2944 Pontificemque
781 2859 878 2924 dedit

183 2959 237 3028 Sio
251 2960 371 3045 Papam
387 2960 474 3036 feeit,
490 2961 619 3027 victoris
629 2962 713 3046 jure,
732 2960 892 3025 Leonem:

225 3058 373 3142 (Tertius
387 3059 442 3124 ille
456 3059 521 3125 fuit
535 3060 588 3125 oui
603 3060 673 3125 Leo
688 3082 804 3124 nomen
818 3057 911 3142 erat).

181 3158 216 3225 N
218 3183 254 3225 ec
268 3158 333 3223 suit
347 3158 492 3244 ingratus
508 3158 596 3224 Leo:
622 3182 695 3223 nam
712 3157 824 3225 Oarolo
839 3157 928 3222 dedit
941 3157 995 3224 ille

225 3256 361 3326 Caesaris
376 3257 501 3342 antiqui
516 3281 631 3322 nomen
646 3268 680 3322 et
695 3256 871 3343 imperium.

182 3359 246 3423 See.
271 3357 363 3422 Talia
377 3358 460 3422 dona
474 3358 555 3423 solet
570 3358 743 3443 producere
757 3356 862 3442 gratia
875 3378 966 3420 raro:

226 3456 400 3523 Contracta
415 3456 521 3541 potius
537 3457 654 3522 foedere
669 3467 762 3542 pacta
777 3466 864 3541 puto.
1142 3457 1227 3521 1750

183 3555 285 3619 Italus
299 3563 357 3618 aut
371 3552 495 3631 Gallus,
511 3555 590 3639 quid
604 3554 639 3617 in
655 3554 782 3640 Anglos
797 3553 880 3638 juris
894 3552 1053 3618 habebat?

225 3653 302 3718 Non
319 3676 377 3718 sua
390 3676 447 3718 rex
463 3653 607 3730 Carolus,
622 3677 687 3718 non
702 3676 760 3717 sua
774 3652 865 3738 Papa
879 3651 975 3717 dedit.

184 3758 241 3819 Pr.
265 3753 325 3818 Nil
338 3752 437 3819 refert
452 3777 516 3838 quo
527 3754 620 3838 jure:
645 3752 699 3817 sed
714 3762 822 3817 actum
837 3762 907 3827 est余
932 3762 966 3817 et
980 3752 1044 3817 suit
1058 3753 1140 3818 alter

225 3853 397 3918 Terrarum
413 3852 572 3917 Dominus
585 3879 594 3926 余
619 3851 693 3917 Rex
708 3851 802 3917 Fidei
815 3852 897 3918 alter
910 3863 989 3916 erat.

183 3951 217 4015 N
218 3975 254 4017 ee
270 3961 320 4015 tot
334 3951 373 4015 ad
387 3950 511 4036 imperii
526 3951 633 4036 potuit
648 3952 726 4015 tuba
741 3950 831 4037 signa
842 3951 925 4016 ciere

225 4050 313 4127 Tela,
329 4061 408 4134 quot
422 4051 462 4115 ad
478 4049 570 4115 Fidei
585 4062 689 4115 eastra
703 4051 812 4116 venire
827 4051 948 4116 volunt.

183 4147 333 4233 Namque
349 4152 435 4214 tubae
451 4149 581 4235 clangor
595 4150 745 4214 mortales
760 4149 880 4214 indicat
894 4150 1018 4215 hostes:

227 4248 266 4312 In
281 4248 374 4313 sibilo
389 4248 481 4312 Fidei
497 4248 638 4313 ereditur
653 4272 720 4313 osse
736 4248 835 4312 Deus.

184 4346 256 4432 lpse
272 4360 368 4434 caput
384 4347 488 4414 Caroli
503 4347 605 4412 cinxit
621 4347 798 4413 diademate
814 4348 934 4413 clarum
