2932 5054
315 434 371 486 sn
391 433 581 490 caarnsn
600 432 928 489 uunrrurronns.
1063 421 1136 488 263

102 599 406 697 quemadmodum
418 624 492 674 non
504 599 583 674 dari
595 600 753 689 videtur,
764 600 932 674 totahaec
943 599 1136 674 collabitur
1174 626 1321 668 omrem>

102 713 319 810 disquisitio.
370 714 562 804 Praeterea,
580 713 663 788 idea
680 715 752 788 mei
772 714 883 811 ipsius
900 713 990 787 mihi
1006 713 1135 803 oritur,
1175 708 1316 812 L

102 828 134 900 si
159 850 292 923 corpus
316 851 438 900 meum
464 839 661 923 spectetur,
685 851 730 901 ex
755 828 919 901 visione:
945 827 975 900 si
1002 825 1135 914 anima,

101 939 202 1013 nulla
214 940 363 1013 omnino
377 940 505 1013 animae
518 954 574 1013 est
587 940 681 1031 idea,
695 941 760 1014 sed
776 941 920 1015 ratione
933 938 1137 1036 colligimus

101 1076 179 1126 esse
196 1051 334 1149 aliquid
351 1052 535 1126 internum
546 1053 692 1151 corpori
707 1053 881 1141 humano,
893 1051 991 1149 quod
1008 1053 1042 1125 ei
1059 1075 1138 1126 mo-

100 1176 179 1240 tum
189 1165 355 1261 impertit
364 1166 557 1239 animalem
569 1189 642 1261 quo
655 1166 766 1239 sentit
778 1177 816 1237 et
826 1178 1009 1239 movetur:
1028 1178 1137 1263 atque

99 1279 171 1353 hoc
188 1277 365 1376 quidquid
382 1279 532 1352 estsine
549 1278 643 1368 idea,
661 1301 833 1352 vocamus
849 1278 1019 1352 animam.

495 1486 741 1539 RESPONSIO.

152 1590 191 1663 Si
208 1590 317 1664 detur
333 1591 402 1664 Dei
419 1590 513 1680 idea,
530 1605 574 1664 ut
591 1590 825 1664 manifestum
842 1601 898 1665 est
919 1590 1020 1665 illam
1045 1591 1136 1682 dari,

100 1715 182 1778 tota
208 1704 287 1778 haec
305 1705 498 1779 collabitur
515 1706 693 1801 objectio:
721 1728 875 1801 cumque
898 1704 1046 1779 additur
1061 1729 1137 1778 nou

102 1817 181 1890 dari
198 1820 329 1891 animae
352 1818 484 1908 ideam,
503 1819 568 1892 sed
584 1818 725 1892 ratione
743 1818 878 1915 colligi,
904 1818 1000 1891 idem
1020 1830 1076 1892 est
1093 1842 1137 1891 ac

101 1931 132 2003 si
156 1930 337 2004 diceretur
353 1955 427 2004 non
446 1930 524 2003 dari
551 1933 628 2026 ejus
654 1931 852 2026 imaginem
874 1931 912 2004 in
944 1931 1138 2029 phantasia

101 2042 294 2140 depictam,
324 2042 391 2117 sed
416 2043 495 2117 dari
522 2055 646 2117 tamen
672 2043 762 2117 illud
789 2044 888 2141 quod
918 2068 987 2142 ego
1016 2045 1138 2118 ideam

10 2226 13 2237 ,
100 2180 240 2230 vocavr.

465 2303 664 2356 onrncrro
682 2304 773 2357 vrrr.

101 2404 229 2479 Aliam
253 2431 340 2481 oero
373 2405 466 2481 solia
504 2407 625 2480 ideam
658 2407 936 2483 certationibus
969 2419 1137 2483 astrono-

150 2520 257 2592 micis
273 2518 507 2618 desumptam,
524 2519 592 2593 loc
608 2530 678 2611 eat,
696 2547 743 2595 ee
765 2521 972 2595 notionibus
989 2521 1135 2621 quibus-

150 2633 237 2705 dam
254 2633 343 2705 milri
361 2633 501 2705 innatis
516 2631 689 2706 elicitam.

150 2771 244 2844 Solis
271 2771 353 2844 idea
373 2772 483 2845 unica
504 2796 579 2845 uno
602 2784 767 2869 tempore
785 2772 931 2846 videtur
954 2797 1044 2862 esse,
1060 2773 1136 2846 sive

100 2898 286 2982 spectetur
320 2885 445 2974 oculis,
480 2885 555 2959 sive
594 2887 872 2960 ratiocinatione
911 2886 1138 2982 intelligatur

100 3021 180 3072 esse
197 2997 381 3071 multoties
399 2999 515 3093 major
532 3021 641 3093 qnam
658 2996 815 3072 videtur.
867 2999 963 3072 Nam
981 2997 1060 3070 haec
1084 2996 1136 3069 al-

100 3124 181 3183 tera
196 3134 271 3183 non
289 3122 345 3183 est
358 3108 442 3184 idea
458 3110 554 3198 solis,
573 3110 637 3183 sed
654 3111 820 3184 collectio
836 3135 903 3208 per
920 3120 1137 3205 argumenta

101 3222 220 3295 ideam
234 3222 320 3295 solis
338 3221 523 3295 multoties
539 3221 618 3295 fore
644 3224 819 3318 majorem
849 3223 880 3296 si
907 3223 1022 3296 multo
1051 3245 1137 3318 pro-

99 3336 181 3432 pius
199 3346 436 3431 spectaretur.

149 3449 287 3521 Verum
305 3446 455 3521 diversis
472 3447 696 3543 temporibus
714 3447 866 3521 diversae
882 3458 1036 3545 possunt
1059 3471 1137 3520 esse

101 3562 186 3636 solis
203 3560 317 3634 ideae:
335 3570 377 3633 ut
394 3560 424 3633 si
442 3583 516 3632 uno
530 3569 695 3655 tempore
712 3559 812 3634 nudo
823 3561 942 3651 oculo,
957 3561 1029 3634 alio
1047 3561 1136 3634 tubo

101 3675 223 3771 optico
249 3683 443 3770 spectetur.
502 3669 575 3743 Sed
602 3673 763 3746 rationes
791 3674 1042 3747 astronomicae
1063 3697 1139 3746 nou

101 3786 261 3861 reddunt
279 3785 398 3859 ideam
415 3784 501 3858 solis
519 3786 694 3881 majorem
721 3787 780 3860 vel
798 3787 987 3876 minorem,
1008 3787 1140 3860 docent

101 3901 222 3997 potius
239 3900 359 3972 ideam
377 3897 583 3970 sensibilem
601 3898 767 3971 fallacem
785 3923 875 3973 esse.

500 4096 748 4149 RESPONSIO.

153 4211 226 4284 Hic
245 4235 390 4307 quoque
407 4211 507 4305 quod
525 4210 659 4284 dicitur
679 4235 754 4285 non
772 4236 851 4285 esse
876 4211 960 4284 idea
977 4212 1074 4299 solis,
1104 4220 1141 4285 et

103 4337 228 4398 tamen
255 4325 484 4411 describitur,
502 4336 560 4397 est
589 4324 627 4397 id
655 4326 774 4421 ipsum
801 4325 899 4422 quod
927 4349 995 4422 ego
1022 4325 1141 4398 ideam

104 4462 206 4510 voco.
