2932 5054
392 424 578 486 amnuon
597 424 871 477 unomanntcn
890 424 979 477 nuc.
1131 407 1199 473 211

161 589 252 662 facit
269 590 440 687 aliquem,
457 605 495 666 et
515 593 685 667 nnumin
707 617 746 666 se
764 593 1054 690 quotiescunque
1079 591 1203 664 multi·
1243 610 1387 715 Q

161 703 349 798 plicatum,
367 706 460 779 nihil
480 707 635 802 amplius
658 706 772 780 faciat
798 729 908 802 quam
927 728 1059 778 unum:
1090 704 1204 776 mani·
1251 738 1394 783 nerana„

161 817 295 891 festum
312 830 368 893 est
392 820 593 916 productos
611 844 738 893 omnes
756 831 794 893 et
815 843 942 893 eorum
965 817 1108 891 radices
1126 839 1207 890 eas-

163 930 247 1002 dem
264 954 343 1004 esse
359 933 532 1006 unitates.
583 934 771 1006 Arcanum
789 956 878 1029 ergo
896 932 980 1021 hoc,
996 953 1207 1027 quanquam

161 1044 295 1117 unitati
311 1047 503 1142 proprium
525 1047 584 1134 sit,
609 1045 798 1119 intellectu
823 1058 947 1120 tamen
966 1043 1113 1118 difficile
1129 1066 1205 1116 non

161 1168 238 1230 est:
267 1158 354 1252 quia
370 1181 437 1254 per
454 1182 568 1232 unum
585 1158 834 1256 multiplicari
850 1157 942 1232 nihil
958 1167 1091 1254 potest.

212 1269 414 1358 Postremo,
433 1295 482 1342 cm
509 1269 713 1368 explicari,
737 1270 913 1369 cogitari,
934 1268 1204 1367 comprehendi,

161 1381 293 1479 inquit,
318 1394 446 1482 puteal
466 1409 512 1457 ex
543 1383 737 1457 radicibus
761 1384 919 1478 infinitis
937 1380 1205 1480 potentialibua

162 1496 305 1569 numeri
322 1506 345 1570 3
362 1497 425 1570 vel
445 1522 518 1570 nna
535 1495 700 1594 aliqua?
751 1497 837 1570 Non
862 1509 998 1593 potest,
1016 1496 1104 1569 seio.
1155 1495 1206 1567 Et

162 1631 228 1680 eur
246 1633 321 1681 non
339 1622 474 1706 potest,
492 1633 612 1706 neque
633 1609 788 1683 aliorum
809 1633 1047 1683 numerorum
1071 1607 1207 1680 multo·

163 1744 244 1793 rum
263 1723 352 1812 seio,
371 1734 408 1796 et
431 1722 614 1819 explicare
639 1746 800 1818 possum,
819 1734 857 1797 et
881 1723 1055 1796 breviter.
1108 1720 1206 1796 Quia

163 1834 325 1909 radicem
342 1836 481 1910 nullam
498 1836 647 1910 habent.

566 2324 670 2398 cAP.
688 2325 795 2399 XIII.

566 2475 629 2548 De
647 2475 799 2571 infinito.

165 2625 226 2698 An
267 2649 395 2699 vocem
441 2626 621 2720 infinitum
658 2627 874 2701 subauditur
907 2650 967 2701 res
1001 2628 1135 2724 aliqua,
1165 2640 1209 2703 ut

164 2762 267 2834 apua,
291 2751 447 2834 tempus,
472 2740 631 2835 spatium
648 2750 718 2813 etc.
771 2741 813 2812 Si
838 2739 1078 2814 subaudiatur
1103 2765 1206 2837 opus,

164 2862 253 2924 tunc
265 2852 449 2948 significat
462 2876 553 2948 opus
566 2851 779 2926 inchoatum
793 2852 952 2949 quidem,
964 2854 1029 2927 sed
1043 2854 1207 2927 nondum

165 2964 310 3037 adeum
327 2968 440 3037 liuem
456 2965 687 3061 perductum,
704 2990 813 3062 quem
830 2968 953 3040 animo
967 2991 1033 3041 suo
1051 2968 1207 3040 destina-

166 3089 225 3150 rat
243 3077 387 3151 artifex.
440 3078 569 3174 Itaque
593 3079 664 3152 hoc
687 3102 808 3168 sensu,
826 3080 1013 3152 infinitum
1029 3079 1127 3153 idem
1151 3091 1209 3153 est

165 3191 263 3287 quod
297 3191 552 3288 imperfectum
587 3216 656 3265 nee
690 3193 848 3280 finitum,
878 3193 943 3266 sed
977 3192 1077 3290 quod
1110 3193 1208 3266 finiri

165 3315 299 3399 potest.
348 3304 467 3380 Quale
484 3317 541 3378 est
558 3305 706 3401 incepta
723 3306 883 3401 quidem,
897 3305 963 3379 sed
979 3331 1054 3379 non
1073 3305 1207 3379 exaedi-

165 3418 275 3490 ficata
305 3417 448 3491 domus.
501 3418 649 3514 Siquis
678 3419 791 3515 igitur
818 3419 958 3492 diceret
987 3419 1033 3492 de
1063 3420 1207 3515 opifice,

166 3529 277 3602 fuisse
291 3530 344 3602 illi
358 3530 530 3603 inanimo
543 3554 635 3627 opus
648 3533 824 3627 perficere
838 3531 1035 3620 infinitum,
1049 3533 1208 3605 absurde

167 3642 394 3739 loqueretur:
412 3654 588 3739 tanquam
600 3644 631 3716 si
643 3643 782 3717 diceret
796 3646 834 3717 in
847 3646 970 3718 animo
983 3646 1095 3719 fuisse
1108 3645 1209 3742 quod

166 3755 204 3828 in
222 3755 344 3828 animo
361 3780 436 3830 non
455 3769 546 3829 erat.
600 3757 739 3853 Cuique
754 3758 852 3830 enim
868 3769 1013 3832 tantum
1031 3760 1070 3832 in
1086 3760 1209 3832 animo

167 3880 223 3941 est
238 3869 373 3959 faeere,
387 3882 565 3965 quantum
582 3872 770 3966 perficere.
804 3872 932 3967 Itaque
950 3872 996 3945 de
1009 3896 1119 3968 opere
1134 3896 1209 3945 non

166 4008 244 4068 suo,
262 3995 386 4057 utrum
409 3984 554 4057 finitum
583 3997 621 4057 et
648 3984 852 4080 perfectum
882 4010 931 4058 an
960 3986 1145 4058 infinitum
1171 3997 1210 4057 et

168 4097 421 4192 imperfectum
448 4097 506 4185 sit,
529 4108 630 4170 reete
651 4097 831 4193 judicare,
850 4099 1056 4172 inconsulto
1077 4099 1209 4195 opifice

167 4233 275 4283 nemo
292 4220 426 4306 potest.

1037 4346 1092 4396 ιη
