2932 5054
512 440 847 495 nccunsmsmcs.
1128 428 1202 504 367

159 605 225 691 Qui
239 607 264 673 J
265 628 354 672 esum
368 614 467 692 negat
480 628 548 672 esse
562 604 681 682 Deum,
697 603 927 690 Genitumque,
942 615 977 672 et
990 605 1125 673 eundem

200 705 285 774 Cum
299 705 416 780 Petre3
439 715 473 770 et
487 704 665 791 ingenitum
680 704 737 788 qui
752 715 849 791 neget
863 727 931 771 esse
945 704 1096 772 Patrem:

158 806 288 891 Quique
302 804 400 870 elium
421 813 532 869 natum
546 827 614 870 esse
628 803 700 869 Deo
714 803 813 869 Patre
827 814 943 890 praeter
956 805 1072 873 desum

200 905 351 972 Dixerit:
375 913 432 969 aut
445 903 549 989 ipsum
564 913 706 989 tempore
720 913 830 969 natum
846 904 971 989 aliquot

158 1004 289 1089 Quique
303 1004 409 1090 ipsum
423 1002 518 1080 dicet,
534 1002 634 1068 solido
648 1002 717 1068 sine
731 1023 872 1088 corpore,
887 1014 1058 1090 spectrum,

200 1103 264 1170 Vel
279 1102 464 1169 rationalem
478 1124 543 1167 non
557 1101 705 1167 habuisse
719 1101 874 1166 ammam:

158 1203 230 1269 Aut
243 1201 299 1268 illo
314 1211 411 1288 negat
426 1223 494 1268 esse
508 1199 602 1266 modo
618 1199 784 1277 Genitum,
801 1201 888 1286 quali
901 1212 1075 1288 generatur

200 1301 328 1367 Lumen
343 1301 383 1365 ab
398 1321 529 1365 accenso
543 1299 674 1376 lumine,
689 1309 723 1365 et
737 1301 830 1366 ambo
844 1299 956 1365 simul:
1136 1305 1200 1368 660

159 1399 290 1485 Quique
304 1400 423 1476 Deum,
437 1421 565 1466 curnem
580 1421 645 1483 quo
659 1398 795 1485 sumpsit
808 1408 951 1486 tempore
965 1410 1115 1480 noem,

200 1498 411 1566 Descendisse
425 1507 522 1584 negat
537 1496 683 1584 Virginis
697 1497 732 1562 in
745 1498 921 1585 gremium:

159 1598 290 1684 Quique
304 1607 401 1685 neget
416 1595 572 1664 Genitnm
588 1595 738 1664 Genitori
751 1601 897 1678 ὁμοούσιον
912 1621 980 1665 esse

201 1696 368 1785 Ingenit03
392 1706 449 1763 aut
462 1706 575 1762 natum
589 1695 728 1784 Vngine
741 1706 843 1763 matre
856 1707 973 1786 negate

158 1795 204 1863 Et
218 1797 275 1881 qui
288 1818 347 1884 pro
357 1796 449 1863 nobis
463 1819 591 1882 passum
604 1806 777 1881 nostraque
791 1797 894 1863 salute

200 1896 281 1963 Esse
295 1906 409 1982 negat3
433 1895 484 1962 vel
499 1895 556 1980 qui
570 1905 704 1961 mortem
719 1895 833 1962 obiisse
846 1905 963 1984 negat:

158 1994 205 2062 Et
218 1995 274 2080 qui
289 2004 512 2082 postmortem
526 2016 592 2061 non
606 1993 779 2061 surrexisse
788 1994 930 2072 fatetur3

201 2094 268 2161 Vel
283 2104 381 2182 neget
395 2095 436 2160 ad
449 2093 598 2161 dextram
612 2115 700 2160 nuno
713 2093 851 2160 residere
865 2093 985 2172 Patris3

158 2192 233 2259 Aut
248 2203 345 2281 negat
358 2191 433 2259 inde
447 2192 564 2259 iterum
579 2201 761 2270 venturum,
775 2203 814 2258 nt
819 2193 945 2279 judicet
958 2216 1067 2261 omnes

202 2293 423 2377 Viventesque
436 2290 589 2370 homines,
606 2289 728 2375 quique
742 2291 847 2358 obiere
862 2292 955 2358 diem.
1136 2293 1199 2363 670

161 2390 231 2457 Hos
245 2389 323 2457 facit
337 2390 506 2456 Heeretieos
521 2387 672 2477 Synodus
685 2389 721 2454 N
721 2388 820 2457 icena
868 2391 932 2459 Sed
947 2392 1032 2458 Acta

200 2489 236 2555 N
238 2489 336 2556 ioenae
351 2488 465 2576 synodi
478 2510 543 2554 non
558 2487 685 2556 valuere
699 2488 764 2555 diu.

159 2589 194 2654 N
195 2613 248 2656 am
264 2587 465 2656 Constantini
480 2610 640 2655 successor
655 2590 783 2669 ὀμούσων
796 2588 885 2666 illud,

202 2687 296 2753 Areii
310 2687 426 2764 fautor,
441 2686 545 2753 noluit
559 2709 627 2753 esse
636 2696 750 2752 retum.

162 2782 216 2851 Sic
229 2808 288 2852 nec
302 2786 439 2852 habebat
452 2784 556 2851 adhuc
570 2795 767 2851 constantem
780 2784 926 2851 Ecclesia
938 2809 1058 2875 pacem,
1169 2847 1173 2852 .

202 2884 275 2951 Nec
289 2894 409 2951 certam
423 2883 538 2949 Patres
552 2906 649 2968 qnam
662 2883 790 2950 voluere
804 2884 909 2950 fidem.

160 2985 225 3050 See.
249 2983 326 3050 Non
340 2993 426 3050 recte
439 2983 554 3049 Patres
568 2983 721 3069 mysteria
734 2982 838 3049 dicere
852 2985 957 3051 verbis

203 3084 395 3160 Tentarunt,
411 3083 523 3150 animis
538 3106 603 3150 non
617 3083 769 3170 capienda
782 3084 858 3151 suis.

160 3180 312 3267 Namque
326 3180 486 3247 hominem
500 3205 568 3248 esse
584 3181 701 3261 Deum,
716 3183 810 3249 factis
824 3206 1012 3270 cognoscere
1022 3183 1113 3251 solis:

203 3280 352 3348 Testibus
367 3289 400 3347 et
414 3280 488 3346 solis
502 3303 630 3347 cernere
644 3281 737 3360 facta,
751 3282 835 3349 licet.
1139 3284 1202 3350 680

161 3379 263 3446 Facta
277 3378 461 3446 serebantur
476 3377 598 3446 Christi
612 3380 764 3448 miracula
776 3382 888 3460 multa,

203 3480 239 3544 A
254 3478 320 3543 solo
334 3476 403 3543 fieri
417 3499 487 3561 quae
502 3487 634 3564 potuere
648 3480 728 3546 Deo.

162 3577 223 3643 Illa
237 3577 351 3655 quibus
365 3577 477 3642 mediis
490 3577 574 3643 fiunt
588 3579 812 3665 comprendere
826 3590 933 3649 mente

203 3677 320 3755 Nemo,
336 3686 453 3764 praeter
467 3699 541 3743 eum
555 3677 612 3763 qui
626 3677 705 3745 saeit
718 3679 782 3756 illa,
797 3691 910 3766 potest

162 3773 266 3842 Omne
279 3798 382 3863 genus
396 3774 497 3841 morbi
512 3775 601 3842 verbi
615 3775 735 3843 virtute
746 3777 881 3865 fugavit,

203 3874 300 3940 Illum
310 3876 401 3960 jussa
409 3873 489 3940 levis
503 3875 633 3941 sustulit
643 3877 728 3942 unda
741 3900 879 3963 gravem.

163 3973 254 4039 Illius
265 3973 305 4039 ed
319 3995 429 4040 vocem
444 3984 619 4058 posuerunt
632 3974 731 4042 flabra
745 3977 883 4062 protervi

204 4071 317 4148 Venti,
333 4072 517 4156 compressis
532 4081 566 4138 et
580 4073 694 4139 siluere
708 4073 830 4140 animis.

161 4169 333 4237 Defunctis
347 4170 456 4248 vitam,
471 4170 604 4256 privetis
617 4173 738 4240 lumine
753 4174 859 4240 visum

204 4269 372 4347 Restituit,
388 4269 509 4336 claudis
522 4293 599 4339 voce
613 4272 811 4360 gradumque
825 4270 922 4338 dedit
1139 4275 1202 4352 690
