2932 5054
337 431 524 493 nnrouor
543 431 813 486 enounrnros
834 431 923 484 nnc.
1083 415 1153 483 159

111 599 259 698 quidem
272 598 469 673 methodus
482 623 556 695 qua
564 598 834 696 suppositiones
848 596 1153 673 commodissimas
1216 624 1284 665 css.
1294 623 1314 664 1.

111 714 305 810 eligantur,
331 711 490 784 habetur
514 711 627 785 nulla.
678 712 809 809 ltaque
837 712 977 785 circino
1001 711 1153 806 aliisque
1166 693 1337 809 &W

109 825 364 901 instrumentis
380 823 626 898 mensurando
640 825 902 920 experiendum
920 823 1154 898 tentandum·
1165 817 1336 876 llllllldl·

110 963 183 1036 que
213 949 281 1026 est,
308 950 351 1011 ut
378 936 680 1035 quamproxime
713 938 895 1034 possimus
928 937 977 1010 ad
1011 935 1155 1034 quaesiti

109 1053 304 1126 veritatem
320 1049 496 1125 accedere
513 1050 736 1124 mechanica.
788 1049 957 1147 Exempli
975 1073 1097 1138 causa,
1114 1049 1154 1122 in

110 1163 311 1262 quaerenda
326 1163 557 1260 longitudine
575 1162 733 1237 ambitus
750 1164 890 1248 circuli,
908 1187 993 1237 cum
1017 1163 1154 1237 lumine

110 1276 270 1352 naturali
297 1275 416 1349 sciant
440 1298 568 1349 omnes
595 1298 722 1348 arcum
750 1275 950 1371 quemlibet
976 1277 1154 1372 majorem

111 1413 190 1463 esse
207 1413 274 1463 sua
291 1388 441 1478 chorda,
458 1389 566 1462 facile
590 1399 646 1461 est
672 1387 719 1462 ad
736 1412 862 1462 veram
885 1387 1154 1484 longitudinem

111 1502 217 1577 valde
227 1527 344 1600 prope
354 1502 540 1577 accedere.
576 1502 699 1576 Labor
710 1502 872 1600 reliquus
883 1502 1061 1576 aliusnon
1072 1504 1154 1592 erit,

113 1640 222 1713 quam
236 1615 520 1713 propinquitatis
532 1627 648 1689 tantae
661 1638 789 1688 causas
802 1615 994 1711 possibiles
1007 1617 1154 1713 excogi-

114 1741 205 1804 tare.
242 1728 353 1805 Quod
365 1728 396 1801 si
413 1728 598 1817 succedat,
612 1727 833 1825 principium
850 1728 990 1801 habent
1006 1729 1155 1802 demon·

114 1841 312 1916 strationis.
363 1841 560 1915 Enimvero
577 1843 616 1915 in
637 1840 758 1915 dubiis
784 1842 953 1914 omnibus
969 1841 1017 1915 ad
1034 1842 1154 1917 varias

114 1955 380 2052 suppositiones
398 1978 421 2028 a
437 1969 571 2028 natura
585 1955 666 2051 ipsa
679 1953 870 2051 cogimur:
896 1966 939 2027 ut
955 1954 1080 2027 videre
1098 1969 1155 2030 est

113 2068 152 2141 in
175 2067 319 2142 servulo
341 2067 405 2141 illo
427 2068 661 2157 Terentiano,
687 2068 726 2141 in
752 2067 950 2163 quaerendo
974 2080 1153 2165 argento:

116 2181 268 2267 Quidni
283 2180 417 2253 locale
430 2181 608 2279 incipiam
624 2185 744 2255 nunc?
779 2180 891 2255 Nihil
907 2191 974 2255 eat.
1012 2182 1057 2256 Si
1069 2181 1155 2256 sic?

118 2292 345 2367 Tantundem
369 2318 496 2392 egero.
548 2292 603 2367 At
625 2295 694 2381 sic,
713 2294 857 2392 opinor.
912 2295 999 2369 Non
1011 2305 1153 2395 potest.

112 2403 205 2494 Imo,
222 2405 371 2505 optime.
414 2406 539 2504 Euge,
557 2417 627 2480 eto.
680 2407 753 2480 Sed
765 2420 973 2502 ‘geometrae
989 2408 1155 2505 plerique

113 2518 206 2591 nihil
234 2543 334 2593 nunc
360 2531 531 2616 quaernnt
557 2530 800 2617 praeterquam
830 2544 878 2594 an
904 2521 951 2594 sit
974 2522 1152 2594 Euclidis:

114 2654 323 2730 quanquam
336 2633 565 2706 notissimum
578 2633 638 2722 sit,
652 2644 731 2706 tum
745 2633 973 2708 theoremata
989 2635 1155 2707 omnium

114 2745 338 2819 nobilissima
349 2747 499 2818 inventa
515 2746 637 2831 fnisse,
655 2757 734 2818 tum
752 2745 907 2819 aedificia
924 2748 1038 2820 totius
1056 2748 1155 2820 orbis

113 2858 360 2955 pulcherrima
375 2869 585 2933 constructa
609 2858 723 2952 fuisse
747 2858 863 2931 multo
881 2872 968 2932 ante
992 2861 1155 2934 Euclidis

113 2982 293 3067 tempora.
345 2971 550 3045 Geometrae
576 2984 698 3045 autem
728 2970 897 3046 hodierni
923 2973 1000 3046 fere
1027 2997 1154 3046 omnes

112 3107 190 3158 non
201 3084 310 3158 modo
323 3085 484 3161 rationes
498 3086 759 3182 quantitatum,
772 3085 837 3159 sed
851 3086 962 3158 etiarn
977 3097 1154 3171 motuum,

113 3197 153 3272 id
170 3210 227 3272 est
245 3199 441 3273 effectuum
459 3199 623 3272 omnium
641 3198 865 3271 naturalium
883 3223 1011 3271 causas
1025 3198 1063 3272 in
1082 3223 1156 3272 una

113 3310 280 3385 radicum
297 3311 540 3384 numeralium
559 3311 797 3398 extractione,
816 3323 854 3384 et
872 3337 916 3385 ea
931 3312 1034 3401 falsa,
1053 3313 1156 3385 inve-

112 3424 186 3499 niri
203 3447 310 3521 posse
327 3423 570 3497 arbitrantur:
597 3425 783 3514 nimirum,
802 3426 854 3498 ita
871 3425 971 3498 docti
989 3438 1087 3498 sunt.

165 3538 345 3613 Ultimum
363 3537 400 3610 in
428 3537 630 3634 geometria
647 3550 714 3625 est,
732 3538 891 3610 inventis
917 3538 969 3609 rei
994 3537 1156 3632 quaesita

113 3653 235 3727 causis
255 3651 508 3741 efficientibus
526 3652 573 3723 ab
599 3651 669 3723 illis
693 3653 797 3746 quasi
821 3675 997 3724 converso
1025 3653 1156 3725 itinere

113 3767 379 3841 demonstrare.
415 3763 448 3836 A
466 3764 597 3853 causis,
614 3765 776 3860 inquam,
796 3766 1052 3838 efficientibus:
1072 3767 1157 3860 quia

111 3880 381 3977 proprietatum
407 3877 680 3950 numericorum
708 3901 826 3949 causae
844 3878 1059 3974 plerumque
1076 3879 1157 3951 aliae

111 4017 189 4066 non
213 4003 312 4080 sunt,
331 4002 468 4084 praeter
494 3990 747 4085 impositiones
770 3990 961 4063 nominum
987 4015 1156 4063 numera·

112 4106 201 4180 lium
236 4103 460 4177 arbitrarius.
512 4103 755 4198 Operationes
785 4104 883 4175 enim
914 4104 1156 4178 arithmeticae

112 4231 197 4294 sunt
216 4240 370 4316 operum
387 4217 551 4314 ipsorum
570 4215 915 4289 demonstrationes
