2932 5054
111 555 278 619 -uagativas
300 571 354 606 esso
374 555 569 622 seqnipollentes,
590 564 665 621 negat

111 620 272 670 Aristoteles.
284 621 300 670 i.
310 627 348 672 36.

110 688 249 744 mbalterno,
261 690 386 746 contrario,
397 689 563 745 subcontrario,
574 695 665 734 contro-

110 753 217 800 morie.
228 751 245 800 i.
257 756 295 801 37.

111 815 316 874 subalternorum,
338 816 360 865 si
382 815 528 865 universalis
546 832 605 864 vera
625 815 665 873 sit,

111 879 187 929 etiam
198 880 353 944 particularis
364 898 422 930 vers
433 881 488 930 erit.
500 881 515 929 i.
528 885 665 930 tiz-con·

111 945 251 1002 trariarnm,
259 945 281 995 si
291 962 403 995 unsvers
413 955 458 1004 est,
465 945 542 994 altera
549 955 587 994 est
597 945 665 994 falsu

111 1008 174 1059 ibid.
182 1020 323 1074 2—p0ssunt
332 1027 430 1075 quoque
441 1011 519 1059 ambae
526 1026 580 1058 essa
591 1010 665 1058 falsae.

112 1073 173 1124 ibid
180 1076 396 1124 :-subcontrarire
417 1091 466 1123 non
488 1083 592 1140 possunt
613 1090 666 1123 esse

113 1139 274 1198 ambustum,
284 1140 327 1189 sed
335 1149 436 1205 possunt
444 1139 522 1188 umbre
533 1156 586 1188 csse
595 1155 665 1188 verre.

112 1203 412 1254 ibid2—contradictoriae
421 1221 502 1268 neque
513 1206 591 1253 ambre
602 1220 667 1253 verm

112 1285 195 1333 neque
206 1270 283 1318 ambre
295 1269 362 1318 lslsae
373 1286 426 1318 esse
469 1278 546 1318 ssunt
558 1268 618 1318 ibid.

115 1334 252 1398 propositio
270 1351 302 1383 ex
314 1335 408 1383 duabus
425 1334 480 1383 siis
497 1333 567 1398 sequi
577 1334 668 1383 dicitur

114 1398 220 1463 quando.
232 1399 248 1449 i
257 1404 287 1449 37
297 1399 468 1464 :-propositio
477 1398 600 1463 quomodo
610 1414 667 1464 pro·

148 1463 245 1512 sitionis
262 1464 295 1514 sit
305 1480 385 1513 causa.
400 1463 416 1513 i.
428 1470 458 1513 38
465 1463 560 1512 :-duae
571 1472 668 1512 antece·

113 1479 202 1577 distes
211 1529 387 1604 propositionis
394 1529 469 1577 illatae
478 1523 668 1593 causn'appelln·

113 1600 163 1643 tur.
184 1592 432 1658 iuda-prmissa,
451 1609 531 1642 caussa
553 1592 669 1643 dicuntur

114 1656 288 1707 conclusionis.
296 1657 355 1707 ibid.
362 1657 493 1707 :—locnti0
504 1674 534 1706 ea
543 1657 603 1706 ferri
614 1656 668 1722 qni·

113 1721 174 1771 dem
187 1731 275 1786 potest,
287 1722 334 1771 etsi
345 1723 446 1798 propria
454 1738 504 1771 non
515 1721 554 1771 sit.
564 1722 624 1771 ibid

1182 381 1267 453 cxix

714 554 930 621 siprcpositicnes
949 557 1017 607 falsa
1035 572 1081 607 nec
1098 555 1268 621 intelligibiles

713 629 815 686 propter
824 622 1027 672 consuetudinem
1036 621 1152 671 audiendi
1160 629 1267 687 receptas

714 696 780 744 sunt,
791 696 883 750 quanto
900 687 979 751 magis
989 686 1137 736 imbiberent
1147 686 1268 746 homines,

715 760 816 826 propter
827 751 930 801 eandem
940 768 1046 811 cansam,
1057 751 1182 800 doctrinas
1190 767 1267 800 veras.

714 815 807 865 1i303.

715 880 896 945 propositiones
913 880 1070 930 concedimus
1088 879 1221 945 aliqnando
1237 879 1270 929 ad

717 954 821 1011 tempus,
833 945 899 1011 quod
910 954 948 995 est
959 964 1086 1009 supponere.
1098 944 1124 994 ii.
1135 944 1269 996 sies-vel

717 1019 784 1058 metu
796 1010 886 1073 legum,
920 1010 969 1059 uod
981 1019 1019 1060 est
1035 1009 1269 1074 profiterirelconfl·

717 1077 765 1124 teri.
777 1074 837 1124 ibid.
845 1026 920 1124 :-vdl
931 1075 1042 1140 obsequii
1053 1091 1133 1135 causa,
1150 1075 1217 1139 qnod
1231 1081 1270 1124 est

717 1138 862 1215 simpliciter
880 1143 1001 1190 medes
1023 1140 1203 1204 ibid.:-qnss
1223 1155 1270 1204 pro

718 1220 782 1252 vens
793 1204 932 1269 recipimus,
943 1205 1100 1254 concedimus
1115 1214 1215 1270 propter
1225 1203 1270 1255 ali·

718 1285 779 1333 quas
790 1269 897 1319 rationes
908 1279 1012 1319 nostrus.
1024 1269 1082 1318 ibid.

718 1334 846 1383 veritatem
865 1350 949 1383 earum
983 1351 1027 1383 nas
1046 1333 1153 1384 conflant
1170 1333 1272 1384 nominc

717 1414 800 1447 rerum
809 1351 1043 1464 inconceptibilium,
1051 1415 1083 1447 ex
1093 1398 1154 1463 ipsis
1165 1397 1272 1448 nomini·

719 1462 765 1512 bus
776 1463 869 1514 furstra
879 1464 1021 1528 querimus.
1032 1464 1057 1512 ii.
1069 1470 1124 1513 419.

719 1527 818 1591 quando
832 1529 994 1594 propositioni
1012 1528 1159 1578 meentimnr
1168 1534 1271 1594 propter

718 1592 826 1642 rationes
845 1609 859 1641 a
875 1612 971 1656 persona
990 1593 1157 1658 proponentis,
1173 1609 1222 1642 non
1240 1593 1271 1642 ab

718 1655 772 1722 ipsa
778 1657 946 1722 propositione
952 1658 1081 1717 derivatas,
1088 1673 1202 1707 assensus
1212 1673 1270 1708 nos·

719 1730 758 1770 ter
768 1721 906 1786 appellatur
910 1726 1008 1785 fiducia,
1013 1725 1080 1785 fides
1090 1722 1117 1772 ii.
1128 1728 1184 1772 420.

114 1787 252 1853 propositio
281 1803 461 1852 progressionis
492 1785 669 1852 philosophicas
687 1784 845 1836 Paorsmrs
909 1787 1020 1837 uidit.

113 1851 188 1917 qussi
199 1852 293 1917 primus
303 1867 390 1916 passus
401 1859 445 1901 est
457 1851 474 1900 i.
486 1857 525 1901 ³9.

116 1933 150 1966 er
170 1916 339 1981 duabusque
361 1916 493 1965 terminum
514 1932 668 1965 communem

116 1997 168 2031 non
184 1982 283 2039 babent,
295 1980 419 2030 conclusio
430 1981 505 2041 nulls,
519 1996 599 2046 neque
609 1997 669 2046 ergo

117 2046 285 2112 syllogismus
298 2046 314 2095 i.
327 2052 369 2121 40.
413 2109 419 2120 1
470 2109 476 2121 ⁸

113 2110 460 2289 ⁸tiliillnuallidi¹'paditiqdiiidrililii
469 2116 540 2224 ¹iriliil
557 2174 669 2224 infertur.

115 2256 135 2290 ι.
180 2277 187 2290 .

116 2303 221 2363 falsafit,
229 2313 290 2369 quot
296 2304 382 2353 modis.
395 2303 448 2353 iil
456 2303 521 2353 :—in
530 2303 598 2353 omni
606 2319 671 2360 vera,

115 2369 180 2434 qnid
195 2385 295 2419 necesse
311 2377 356 2418 est.
374 2369 433 2418 ibid.
444 2368 568 2418 :-lalsam
580 2369 667 2418 consti-

116 2442 193 2484 tuunt
210 2434 310 2483 nomina
328 2433 451 2499 quomodo
470 2442 496 2482 at
512 2441 574 2498 quot
592 2433 672 2482 modis

114 2498 239 2564 copulata.
251 2498 267 2548 i.
280 2505 319 2559 51,
328 2505 358 2548 52
368 2514 489 2548 :—veram
497 2514 585 2547 nomen
610 2498 671 2547 han-

118 2564 231 2614 tssmatis
241 2563 524 2628 cumnominecorporis
531 2579 578 2629 cop
605 2571 671 2612 atum

116 2628 216 2678 efficere
227 2643 276 2677 oon
289 2638 376 2693 potest.
387 2629 404 2678 i.
416 2635 454 2678 53.

137 2693 255 2758 copositio
267 2695 330 2742 lonso
345 2703 378 2741 err
393 2696 485 2751 annot
499 2691 622 2757 significat
633 2707 672 2741 or·

117 2709 203 2807 diuam
215 2765 309 2807 tantum
321 2774 472 2822 eorumquae
484 2757 510 2806 in
521 2757 606 2806 eadem
618 2757 674 2806 idea

118 2826 214 2871 Ιιοιιίιιίι
222 2822 383 2872 observantur
391 2839 467 2871 unum
474 2822 610 2887 postuliud
617 2822 673 2871 iss.

120 2887 216 2938 falsitas
226 2888 422 2952 propositionum
433 2886 558 2950 detegitur
568 2903 613 2951 per
625 2895 674 2936 ter·

119 2953 244 3003 minorum
254 2952 429 3002 resolutionem
440 2967 485 3028 per
493 2951 622 3001 continuas
633 2950 673 2999 de·

120 3016 246 3067 finitiones
257 3033 335 3081 nsque
346 3017 377 3066 ad
389 3016 616 3080 nommasimplicic
623 3016 675 3065 siva

119 3098 218 3132 summa
239 3097 337 3146 genera.
355 3081 372 3131 i.
392 3081 486 3130 ss:-si
506 3091 563 3146 post
581 3081 674 3130 resolu-

120 3147 215 3197 tionem
228 3146 302 3196 talam
314 3147 404 3196 veritas
414 3154 457 3195 aut
467 3145 561 3194 falsitas
572 3161 621 3194 non
633 3163 675 3210 sp·

121 3220 215 3288 pareat,
224 3211 359 3277 propositio
367 3210 489 3275 quomodo
497 3210 674 3275 investiganda

121 3293 139 3327 ι.
152 3283 191 3326 55.

718 1851 888 1916 consequitur
913 1868 1008 1917 gurmn,
1019 1850 1144 1901 sedsimul
1154 1850 1274 1917 cumipse

719 1915 811 1966 existit.
829 1916 844 1966 i.
856 1917 1098 1982 aliz-cognitionem
1114 1915 1273 2029 proprietatis

720 1981 844 2031 antecedit
853 1981 963 2046 cognitio
974 1982 1068 2046 ligura.
1079 1980 1113 2030 ibi
1132 2018 1138 2030 .

720 2062 762 2095 eas
780 2046 895 2096 maximas
914 2046 992 2112 partis
1009 2062 1091 2095 rernm
1114 2044 1273 2106 naturalium,

721 2111 914 2186 quareacausis
925 2111 1046 2162 deducere
1065 2126 1115 2159 non
1134 2125 1272 2176 pomum.

721 2175 747 2224 is.
758 2181 798 2226 9³.

722 2239 801 2304 legem
813 2241 970 2305 proprietatis
981 2240 1128 2291 confirmant
1139 2238 1273 2306 Scriptura

721 2304 776 2354 locs
786 2305 875 2370 qualia
886 2305 913 2354 ii.
924 2312 979 2355 201.

722 2369 782 2435 qnid
793 2379 839 2420 est.
850 2370 885 2419 iii.
900 2370 1016 2421 185:-in
1028 2370 1095 2419 omni
1111 2386 1202 2436 genere
1212 2369 1273 2419 civi-

722 2434 780 2484 tatis
791 2434 912 2499 originem
923 2451 1044 2485 asumma
1053 2442 1174 2500 potestate
1192 2435 1274 2485 habet.

722 2499 757 2548 iii.
778 2506 823 2550 186
829 2500 991 2564 :-dependet
1008 2517 1022 2549 a
1038 2499 1135 2563 legibus
1152 2499 1273 2550 civilibus.

722 2563 947 2614 ibids-terramm
955 2565 1093 2631 proprietas
1104 2564 1129 2614 in
1140 2581 1170 2614 eo
1181 2564 1274 2614 mosis-

723 2627 761 2688 tit,
772 2638 800 2677 ut
811 2629 842 2678 ab
852 2629 950 2678 illarum
962 2646 1008 2678 usu
1019 2629 1132 2679 concives
1149 2646 1207 2679 suos
1221 2645 1274 2678 cm·

723 2693 844 2742 nescires
862 2693 994 2758 prohibere
1001 2695 1059 2760 juro
1076 2695 1161 2759 possit,
1179 2710 1229 2743 non
1246 2701 1275 2744 ut

724 2773 845 2807 summum
853 2758 1014 2823 imperantem
1022 2758 1273 2809 excludat.iii.186·7:

724 2826 870 2885 -proprian
880 2839 930 2872 nou
941 2823 1015 2873 habet
1025 2823 1086 2873 ciris
1097 2823 1236 2888 quicquam,
1247 2821 1276 2870 in

725 2887 790 2951 quod
802 2902 851 2936 nou
861 2887 950 2938 habeat
956 2889 1000 2953 jus
1010 2889 1032 2938 is
1044 2888 1088 2953 qui
1098 2903 1221 2938 summum
1230 2887 1275 2936 hn-

725 2952 767 3001 bet
777 2951 915 3017 imperium.
926 2953 953 3001 ii.
966 2959 1020 3003 228.

725 3017 823 3065 initium
835 3017 940 3093 sumpsit
950 3034 1005 3067 enm
1017 3016 1078 3082 ipsis
1092 3016 1239 3066 civitatibus.
1248 3015 1276 3066 ii.

725 3086 772 3131 227
779 3098 945 3146 :—propr1um
957 3091 995 3132 est
1005 3082 1101 3146 cuique,
1109 3081 1176 3147 quid.
1187 3081 1213 3130 ii.
1220 3086 1276 3130 228.

695 3146 862 3195 Pnosrx-ei
874 3147 1036 3196 obediendum
1056 3156 1095 3197 est
1111 3147 1139 3195 in
1154 3145 1276 3204 omnibus,

726 3219 830 3276 excepto
849 3211 870 3260 si
891 3227 995 3274 regnum
1018 3211 1065 3261 sibi
1086 3218 1220 3276 arrogaret,
1238 3209 1277 3260 vel

726 3275 782 3324 aliis
792 3276 889 3326 trudere
900 3277 1011 3326 voluerit.
1022 3276 1048 3326 ii.
1060 3282 1114 3325 351.

120 3341 204 3391 cmuis
210 3339 382 3390 universaliter
389 3355 454 3396 sera,
461 3347 503 3388 aut
511 3338 622 3388 delinitio
630 3346 675 3397 est,
696 3340 928 3406 opinarer-qnid
940 3340 1069 3406 significat
1079 3341 1103 3389 ii.
1116 3346 1168 3390 130.
1177 3339 1213 3390 iii.
1223 3345 1277 3401 12³,

123 3415 167 3455 aut
178 3421 235 3470 pars
250 3405 409 3463 definitionis,
421 3412 464 3453 aut
478 3421 509 3453 ex
527 3403 675 3454 definitioni·
728 3405 846 3454 534:—iu
858 3405 1001 3470 Scripturis,
1013 3405 1079 3470 quid.
1092 3404 1126 3455 iii
1139 3411 1194 3455 534.

122 3470 171 3520 bus
181 3469 378 3519 demonstranda.
389 3469 405 3518 i.
418 3475 456 3519 55.

697 3469 983 3546 appronosppia-sive
1005 3473 1102 3533 acceptio
1120 3487 1277 3534 personarum.

122 3550 272 3599 cognoscere
283 3551 314 3583 an
325 3533 460 3599 propositio
471 3550 529 3582 vera
539 3533 579 3592 sit,
590 3532 616 3581 in
628 3550 677 3598 qua
727 3551 752 3583 u.
768 3541 819 3584 190.
831 3550 866 3584 ιιι.
879 3542 933 3585 534.

120 3599 270 3664 copulantur
278 3599 327 3648 duo
339 3598 553 3664 nominaejnsdem
565 3597 609 3657 rei,
616 3598 677 3663 quid
696 3599 951 3649 Puovnssrs-liber
969 3603 1148 3659 Pronerbiorsn,
1163 3598 1278 3665 aquibus

123 3672 223 3730 oportet
231 3663 318 3713 iacere.
331 3663 347 3713 i.
360 3670 398 3714 55.

728 3664 841 3729 scriptus.
853 3663 888 3714 iii.
899 3670 954 3715 274.

121 3729 204 3779 omnis
215 3728 247 3777 da
262 3729 346 3779 futuro
362 3728 528 3793 contingente,
539 3727 678 3777 necessario
696 3728 1060 3793 Pnovrscrs-provineisrnm
1072 3727 1223 3783 singularum
1240 3729 1279 3777 ln·

125 3810 182 3843 vers
201 3801 240 3843 est
256 3793 296 3843 vel
314 3792 452 3842 necessario
469 3793 536 3842 falsa
554 3792 570 3842 i
586 3799 678 3842 116:—

124 3875 240 3933 nocamus
251 3874 309 3933 enm!
323 3862 487 3932 contingentem,
499 3873 581 3922 quare.
600 3857 677 3933 ibid:

124 3931 592 3979 ——contrngentrsverstasncnauostra
599 3937 678 3970 scien·

124 3987 299 4102 tpapependet,
309 3987 352 4036 sed
364 3988 394 4036 ab
401 3987 534 4037 anteitione
542 4003 679 4036 causarum.

125 4068 134 4102 ι
152 4068 160 4101 ι

125 4257 190 4297 trum
209 4256 291 4296 tamen
309 4247 411 4295 seorsim
424 4262 505 4296 veram
521 4262 575 4296 esse
586 4246 679 4306 volunt,

125 4312 261 4377 responsio.
273 4311 289 4360 i.
304 4318 354 4361 115.

125 4391 195 4492 pppp
203 4377 294 4491 pupigps
300 4374 391 4427 desinit
398 4375 514 4442 analysis,
524 4375 680 4427 definitiones

728 3793 797 3851 colse,
807 3794 833 3842 in
845 3794 947 3843 consilio
957 3793 1084 3860 capiendo,
1093 3792 1279 3858 diligenterau·

729 3857 821 3907 diendi.
833 3858 867 3908 iii.
879 3864 962 3908 asa-3.

729 3922 910 3988 provinciarum
922 3940 937 3972 a
947 3923 1050 3972 ooetibru
1069 3922 1096 3970 ln
1107 3921 1162 3986 ipsa
1179 3920 1279 3987 provin·

730 3987 769 4037 cis
779 3987 945 4036 residentibus
956 3988 1154 4051 gubernatamm,
1166 3985 1280 4052 exempla

730 4053 947 4116 pancaiii.175:-
967 4050 1280 4165 uomodoprovinciassuas

125 4118 157 4167 iis
179 4116 222 4181 qni
240 4124 316 4166 totam
333 4115 525 4182 propositionem
541 4116 612 4175 hanc,
628 4135 680 4164 eros
730 4116 935 4167 administrabant
986 4116 1080 4165 manii
1097 4114 1130 4166 id.

121 4187 185 4246 pluet
196 4185 231 4230 etl
239 4200 283 4229 non
291 4185 360 4245 pluet,
372 4181 533 4230 necessariam
545 4198 607 4241 esse,
619 4197 679 4230 neu·
698 4180 925 4231 Pacorus—tanto
935 4182 1014 4245 magis
1025 4180 1122 4245 aliquis,
1128 4187 1221 4245 quanto
1228 4196 1280 4229 ma-

727 4246 988 4311 joremhabetrerum
1006 4245 1187 4310 praeteritarum
1204 4261 1234 4295 ex
1269 4273 1281 4284 ·

730 4310 852 4360 mendam.
873 4311 910 4360 iii.
931 4317 1098 4376 18:-quanto
1117 4309 1188 4375 plura
1206 4311 1240 4360 ba
1270 4318 1282 4360 t

731 4375 904 4492 Quini?
914 4376 946 4426 de
965 4376 1049 4428 futuro
1059 4375 1226 4440 conjecturam
1244 4375 1282 4426 fa·
