2932 5054
447 1039 844 1124 OBJECTIONES

624 1260 666 1301 An

251 1420 523 1505 CARTESII
570 1421 1036 1505 MEDITATIONES.

547 1656 745 1684 :a

525 1871 726 1925 OBJRCTIO
742 1873 770 1924 1.

345 2031 399 2084 An
419 2032 748 2086 MEDITATIONEM
769 2035 948 2086 PRIMAM.

249 2159 306 2233 De
323 2160 372 2233 iic
389 2185 470 2260 quse
488 2161 526 2234 r'a
542 2161 687 2235 dubium
703 2163 874 2236 reuocari
884 2172 1056 2263 possunt.

130 2323 248 2397 Sasrs
278 2333 422 2396 constat
440 2323 545 2396 exiis
564 2347 645 2420 quae
669 2322 769 2397 dicta
793 2337 879 2399 sunt
902 2325 939 2398 in
957 2325 1027 2399 hac
1044 2324 1168 2399 Medi·
1210 2353 1356 2395 ommno

129 2437 282 2526 tatione,
301 2436 441 2510 nullum
455 2459 535 2511 esse
551 2455 686 2532 κριτήριον
703 2463 726 2511 a
742 2463 816 2535 quo
839 2440 981 2513 somnia
1004 2452 1131 2513 nostra
1148 2463 1171 2513 a
1210 2436 1352 2536 ‚2-

127 2551 253 2646 vigilia
269 2560 308 2621 et
325 2551 493 2624 sensione
506 2575 592 2625 vera
606 2553 889 2649 dignoscantur:
908 2563 945 2626 et
962 2564 1169 2649 propterea,

128 2664 387 2760 phantasmata
403 2688 485 2760 quae
499 2665 694 2763 vigilantes
712 2679 749 2738 et
766 2664 963 2738 sentientes
980 2665 1169 2756 habemus,

128 2799 203 2849 non
231 2799 310 2849 esse
333 2776 539 2851 accidentia
567 2778 720 2873 objectis
750 2777 910 2849 externis
941 2777 1169 2866 inhaerentia,

128 2911 247 2985 neque
264 2902 482 2985 argumento
497 2914 576 2964 esse
591 2892 679 2964 talia
692 2892 837 2987 objecta
853 2900 1005 2963 externa
1018 2891 1169 2965 omnino

130 3001 300 3075 existere.
352 3002 513 3099 Ideoque
530 3004 561 3076 si
578 3028 704 3077 sensus
717 3016 863 3077 nostros
880 3003 959 3077 sine
976 3003 1048 3076 alia
1060 3003 1171 3077 ratio·

129 3115 313 3188 cinctione
336 3139 542 3212 sequamur,
561 3118 692 3191 merito
719 3116 928 3190 dubitamus
955 3139 1004 3189 an
1033 3115 1171 3212 aliquid

130 3233 265 3307 existat
281 3256 409 3307 necne.
458 3235 661 3308 Veritatem
680 3258 768 3330 ergo
785 3233 893 3329 hujus
904 3230 1171 3304 Meditotioais

129 3346 373 3442 agnoscimus.
427 3347 500 3420 Sed
518 3347 689 3444 quoniam
704 3348 749 3421 de
767 3346 893 3421 eadem
911 3344 1171 3419 incertitudine

130 3459 355 3533 sensibilium
390 3459 590 3557 disputarit
625 3462 739 3552 Plato,
770 3474 808 3534 et
842 3458 904 3533 alii
936 3459 1171 3555 antiquorum

129 3572 443 3668 pbilosophorum,
462 3586 500 3647 et
519 3574 626 3669 vulgo
645 3575 862 3647 observatur
880 3572 1072 3646 difficultas
1091 3570 1170 3667 dig-

130 3685 305 3759 noscendi
323 3687 486 3782 vigiliam
503 3687 549 3759 ab
576 3687 785 3760 insomniis:
812 3686 926 3759 nolim
943 3684 1172 3758 excellentis-

130 3799 262 3871 simum
280 3813 468 3873 auctorem
486 3823 664 3873 novarum
674 3799 964 3897 speculationum
974 3798 1037 3870 illa
1048 3809 1173 3870 vetera

129 3911 328 4007 publicare.

530 4083 775 4135 RESPONSIO.

180 4197 383 4272 Dubitandi
406 4199 567 4273 rationes
584 4224 665 4296 quae
682 4197 743 4271 hic
760 4223 783 4271 a
798 4196 1015 4295 philosopho
1040 4195 1173 4270 admit-

133 4321 261 4385 tuntur
280 4324 321 4385 ut
337 4336 445 4401 verae,
463 4337 538 4387 uon
555 4337 578 4385 a
596 4337 653 4385 me
669 4311 739 4386 nisi
767 4324 941 4407 tanquam
959 4308 1173 4382 verisimiles
