2918 5054
321 390 375 446 aa
395 392 588 446 aanrnsrr
606 391 933 445 unnmsmorras.
1071 373 1145 452 257

111 559 337 657 cogitatione
355 559 563 656 distinguor
580 558 657 656 ipse
674 581 743 655 ego
755 559 818 655 qui
834 557 956 655 cogito
971 585 980 629 ε
999 566 1072 631 eta
1088 579 1147 630 me
1183 584 1329 627 careno

111 696 185 746 non
202 685 406 770 separatam
422 673 582 768 quidem,
596 672 660 745 sed
673 672 853 745 diversam
863 693 942 744 esse
955 695 1074 744 meam
1088 695 1146 744 co·
1186 666 1328 770 L

110 785 338 882 gitationem,
351 810 395 859 eo
413 785 522 858 modo
537 808 622 880 quo,
633 796 676 857 ut
689 796 775 857 ante
788 783 926 856 dictum
944 796 1010 873 est,
1021 782 1147 856 distin·

112 898 239 994 guitur
255 897 400 971 saltatio
416 922 441 971 a
457 897 625 972 saltante.
667 895 779 972 Quod
793 896 823 970 si
836 896 934 970 D.C.
948 896 1149 970 ostenderit

112 1011 210 1083 idem
234 1033 313 1084 esse
336 1034 420 1084 eum
441 1010 502 1106 qui
525 1009 708 1106 intelligit,
731 1022 769 1082 et
790 1009 1029 1098 intellectum,
1056 1009 1150 1082 reci-

112 1123 240 1197 demus
254 1124 292 1196 in
305 1122 455 1197 modum
469 1122 641 1218 loquendi
660 1121 931 1211 scholasticum,
941 1120 1150 1195 intellectas

112 1234 302 1335 intelligit,
330 1235 429 1308 oisaa
455 1235 566 1319 ridet,
589 1232 758 1307 colantur
783 1232 872 1323 cult,
895 1246 945 1324 et,
969 1258 1036 1331 per
1063 1258 1150 1308 ana-

112 1347 249 1445 logiam
283 1349 470 1451 optimam,
506 1346 716 1438 ambulatio,
745 1346 802 1419 vel
836 1347 966 1421 saltem
994 1347 1151 1421 facultas

112 1460 337 1550 ambulandi,
366 1458 581 1533 ambulabit.
632 1460 727 1535 Quae
754 1460 877 1532 omina
902 1461 1068 1549 obscura,
1085 1462 1150 1535 im·

114 1574 273 1670 propria,
291 1573 552 1671 perspicuitate
569 1571 677 1644 solita
693 1570 833 1645 domini
856 1573 931 1647 Des
948 1573 1076 1647 Cartes
1099 1575 1150 1646 in·

115 1684 339 1782 dignissima.

512 1880 753 1933 aasnousro.

165 2026 252 2099 Non
269 2049 375 2122 nego,
395 2047 453 2097 me
477 2025 541 2121 qui
566 2025 701 2121 cogito,
723 2023 899 2120 distingui
916 2050 939 2100 a
955 2050 1037 2099 mea
1053 2027 1151 2122 cogi-

115 2140 268 2227 tatione,
285 2153 328 2212 ut
345 2162 422 2211 rem
439 2160 462 2210 a
478 2136 588 2210 modo
602 2164 611 2209 ι
638 2137 703 2210 sed
720 2138 783 2210 ubi
803 2162 938 2234 quaero,
956 2138 1047 2236 quid
1060 2162 1153 2237 ergo

116 2263 174 2328 eet
198 2250 299 2350 quod
318 2275 342 2324 a
369 2274 449 2323 mea
476 2249 701 2347 cogitatione
728 2249 995 2349 distinguatur,
1012 2253 1083 2326 hoc
1099 2253 1152 2325 in·

117 2365 243 2461 telligo
259 2363 306 2437 de
322 2364 433 2436 variis
450 2361 638 2458 cogitandi
658 2362 776 2436 modis
792 2363 843 2436 ibi
860 2364 1061 2456 recensitis,
1078 2389 1154 2439 non

118 2478 166 2552 de
183 2500 265 2551 mea
281 2475 509 2550 substantia:
535 2485 574 2547 et
600 2474 663 2547 nbi
686 2473 794 2564 addo,
821 2476 1029 2574 quidquod
1054 2502 1078 2551 a
1100 2503 1157 2551 me

117 2590 201 2688 ipso
229 2598 439 2688 separatam
470 2587 547 2661 dici
570 2587 708 2686 possit,
726 2590 891 2685 significo
914 2602 1057 2664 tantum
1074 2591 1155 2666 illos

117 2727 244 2777 omnes
257 2702 443 2800 cogitandi
457 2699 584 2774 modos
598 2701 686 2774 mihi
704 2701 844 2775 inesse:
862 2725 931 2776 nec
944 2703 1050 2778 video
1066 2704 1153 2800 qnid

117 2817 178 2890 hic
196 2816 299 2891 dubii
315 2816 373 2889 vel
390 2815 536 2888 obscuri
549 2814 639 2910 fingi
655 2815 782 2910 possit.

497 3090 698 3144 oasacrlo
719 3090 776 3142 1v.

125 3222 306 3320 Superest
322 3220 444 3320 igitar
457 3229 498 3294 at
514 3220 719 3310 concedam,
730 3245 787 3293 rae
801 3244 846 3293 ne
862 3220 1065 3320 imaginari
1081 3221 1155 3319 qui·

144 3332 225 3406 decr
239 3333 328 3430 qaid
342 3333 392 3407 ait
406 3333 485 3407 lraec
501 3357 601 3424 cera,
611 3332 683 3407 aed
695 3332 777 3406 sola
792 3343 909 3408 meatc
924 3335 1130 3433 concipere.

169 3495 385 3569 Differentia
410 3518 544 3591 magna
568 3505 625 3568 est
653 3492 751 3568 inter
775 3495 980 3592 imaginari,
1004 3496 1074 3570 hoc
1098 3507 1156 3571 est

118 3607 238 3681 ideam
256 3609 414 3705 aliquam
433 3608 578 3699 habere,
594 3619 633 3681 et
648 3619 770 3681 mente
789 3609 992 3705 concipere,
1009 3609 1080 3683 hoc
1098 3621 1154 3684 est

119 3719 373 3794 ratiocinando
400 3720 572 3817 colligere
601 3743 679 3792 rem
707 3720 865 3816 aliquam
894 3745 973 3794 esse
996 3722 1054 3795 vel
1077 3745 1156 3795 rem

121 3833 280 3930 aliquam
307 3833 475 3907 existere.
527 3832 600 3905 Sed
631 3856 704 3906 non
729 3832 903 3929 explicuit
925 3835 1031 3908 nobis
1049 3835 1094 3907 D.
1113 3835 1155 3908 C.

120 3946 248 4043 inquo
270 3945 455 4018 differunt.
506 3945 658 4018 Veteres
674 3969 819 4041 qnoque
837 3946 1068 4042 Peripatetici
1094 3945 1156 4020 do-

121 4070 278 4134 cuerunt
294 4059 382 4131 satis
399 4058 508 4147 clare,
526 4082 601 4132 non
617 4058 756 4155 percipi
781 4059 1022 4132 substantiam
1047 4060 1156 4132 sensi·

121 4174 202 4261 bns,
220 4172 285 4246 sed
302 4171 424 4268 colligi
442 4170 655 4244 rationibus.

173 4285 274 4359 Quid
300 4286 378 4380 jam
409 4282 574 4373 dicimus,
609 4284 640 4356 si
673 4284 770 4357 forte
801 4283 1033 4358 ratiocinatio
1066 4285 1157 4358 nihil

222 4419 313 4472 voa.
335 4419 372 4470 v.
1037 4421 1056 4472 s
