2932 5054
423 415 510 470 nux
529 415 849 469 mnrnnmnmcn.
1087 392 1155 464 115

112 608 195 680 quae
211 583 258 658 ab
286 582 457 658 omnibus
482 584 749 680 intelliguntur.
802 583 898 656 Nam
926 581 1156 654 characteres
1169 599 1369 642 courrovnn·

110 697 165 772 illi
176 696 313 770 occulti
324 697 456 794 quibus
470 697 598 770 crebro
612 694 932 781 utiturWallisius‚
940 693 1155 790 mysterium
1194 681 1339 786 Q

111 833 192 883 esse
208 809 383 882 videntur
399 809 644 904 ignorantiam
661 810 821 883 hominis
838 807 1099 894 nescientibus,
1118 817 1157 878 et

110 921 312 1018 procedere
323 922 370 994 ab
381 921 582 995 ambitione
593 922 775 1018 cupientis
789 920 904 994 videri
915 920 1014 1016 apud
1024 920 1155 1015 vulgus

110 1037 202 1110 artis
220 1037 374 1133 magicae
391 1058 467 1108 non
485 1036 689 1132 imperitus.

439 1258 762 1312 CONTROVERSIA
791 1259 830 1310 V.

162 1376 225 1449 Dc
235 1384 388 1473 puncto,
406 1375 453 1448 de
471 1374 703 1473 longitudine
715 1376 798 1449 sinc
815 1375 1040 1448 latitudine:
1056 1382 1095 1446 et
1108 1397 1157 1446 aa

111 1486 275 1586 ungulas
288 1487 513 1561 semicirculi
529 1489 580 1561 rit
596 1499 731 1562 rectus.

162 1601 347 1674 Punctum
364 1601 551 1674 Wallisius
568 1601 647 1674 sine
663 1602 869 1697 quantitate
887 1624 978 1689 esse,
996 1624 1064 1673 nee
1076 1612 1155 1693 tan·

110 1726 192 1788 tum
209 1713 420 1802 indivisum,
438 1712 503 1786 sed
520 1713 628 1809 plane
647 1713 880 1802 indivisibile,
895 1727 934 1785 et
959 1713 1050 1785 nibil
1077 1735 1156 1784 esse

111 1826 228 1910 dicit;
255 1838 293 1898 et
314 1838 511 1922 propterea
528 1848 605 1899 esse
632 1826 766 1899 lineam
784 1849 928 1922 quoque
957 1825 1157 1920 longitudi-

111 1964 198 2013 nem
216 1939 296 2013 sine
312 1939 530 2013 latitudine:
548 1938 658 2029 unde,
672 1952 716 2012 ut
732 1940 822 2013 mihi
840 1939 987 2036 quidem
999 1938 1156 2027 videtur,

110 2076 216 2149 aeque
233 2077 278 2126 ac
295 2064 474 2149 punctum
491 2052 582 2126 nihil
601 2077 679 2126 esse
696 2054 872 2151 sequitur.

163 2164 375 2240 Hobbesius
397 2178 574 2262 punctum
598 2167 745 2263 signum
765 2192 846 2241 esse
873 2168 963 2242 dicit
988 2165 1157 2240 indicans

110 2279 272 2368 initium,
289 2279 413 2368 finem,
431 2278 489 2351 vel
507 2278 667 2352 medium
685 2279 936 2375 longitudinis,
949 2291 987 2354 et
1003 2278 1158 2375 proinde

110 2390 270 2480 visibile,
288 2403 326 2463 et
350 2414 418 2487 per
447 2414 675 2487 consequens
702 2391 881 2465 divisibile
910 2403 947 2465 et
964 2403 1153 2489 quantum.

111 2504 167 2579 Ex
185 2527 261 2601 quo
278 2503 510 2578 manifestum
527 2515 584 2577 est
601 2504 712 2578 etiam
729 2505 863 2578 lineam
878 2506 1013 2579 habere
1031 2506 1157 2578 latitu-

112 2617 239 2691 dinem
267 2617 495 2707 divisibilem,
523 2629 562 2692 et
591 2618 736 2715 signum
765 2644 911 2716 quoque
940 2643 1020 2692 esse
1049 2620 1156 2710 initii,

113 2732 212 2822 finis,
231 2744 270 2804 et
287 2732 397 2805 medii
414 2732 453 2805 in
473 2734 677 2829 superficie.
730 2733 803 2807 Sed
829 2757 947 2831 neque
972 2735 1158 2830 quantita-

114 2856 191 2919 tem
221 2845 362 2941 puncti,
392 2869 511 2943 neque
538 2845 773 2919 latitudinem
801 2847 908 2921 lineae
935 2848 1157 2920 considerari

116 2957 250 3033 debere
261 2958 300 3031 in
311 2958 635 3048 demonstratione,
648 2958 711 3031 ubi
722 2972 980 3056 comparantur
992 2961 1158 3053 ejusdem¹

114 3071 262 3168 generis
279 3072 514 3169 quantitates.
544 3073 624 3168 Ego
642 3095 729 3145 vero
749 3073 938 3146 Hobbesio
955 3074 1156 3146 consentio.

113 3185 265 3281 Alioqui
279 3186 376 3258 enim
393 3186 639 3260 necessarium
653 3186 743 3258 mibi
760 3197 866 3277 esset,
878 3210 1106 3284 quaecunque
1120 3198 1159 3258 et

114 3310 441 3396 quantumcunque
458 3299 619 3375 difficilia
635 3298 922 3373 demonstranda
936 3301 1065 3384 habeo,
1080 3300 1159 3371 sine

114 3412 384 3509 diagrammate
401 3411 665 3485 demonstrare.
718 3414 814 3486 Nam
832 3414 946 3487 lineas
970 3414 1048 3484 sine
1075 3413 1157 3484 lati-

112 3525 244 3600 tudine
261 3548 330 3599 nec
348 3524 482 3599 ducere
500 3549 567 3599 nec
580 3526 773 3622 imaginari
790 3527 963 3623 possibile
981 3540 1048 3599 est.
1096 3527 1157 3599 Se·

114 3638 251 3729 cundo,
270 3638 441 3712 Euclides
462 3639 558 3732 (Des.
575 3649 609 3712 5.
623 3640 779 3734 Elemv)
800 3641 980 3713 rationem
1000 3642 1097 3714 inter
1119 3665 1158 3714 se

114 3752 251 3825 habere
269 3763 381 3848 negat
398 3753 621 3849 quantitates
639 3753 730 3841 illas,
748 3777 903 3849 quarum
924 3755 1041 3828 altera
1068 3755 1159 3827 alte-

113 3890 195 3939 ram
213 3866 449 3962 quantumvis
466 3865 708 3961 multiplicata
730 3890 901 3962 superare
926 3892 1000 3940 non
1024 3879 1159 3963 potest,

113 3978 181 4052 sed
198 4001 279 4052 esse
297 3978 433 4051 diversi
449 3980 594 4073 generis
617 3979 854 4074 quantitates.
904 3981 1010 4053 Tales
1034 3995 1158 4053 autern

113 4103 201 4165 sunt
217 4091 414 4188 longitudo
431 4103 468 4165 et
494 4093 716 4187 superficies.
770 4093 877 4166 Unde
905 4094 1082 4189 sequitur,
1101 4118 1159 4166 ar-

112 4218 334 4302 gumentum
352 4227 460 4303 omne
477 4204 610 4277 alinea
627 4206 675 4278 ad
688 4207 918 4302 superficiem
936 4231 1013 4280 esse
1030 4208 1160 4281 invali-

114 4317 218 4392 dum.
271 4315 370 4404 Scio,
389 4316 427 4388 in
454 4316 697 4392 minutissimo
716 4319 1056 4416 parallelogrammo
1082 4323 1160 4395 lon·

997 4457 1044 4507 12
