2932 5054
427 435 514 489 nux
530 433 851 489 mammantes.
1094 422 1162 490 1³9

477 668 716 727 Puososl'rlo
741 673 799 726 IV.

117 777 239 852 Arcui
271 777 369 852 daeo.
403 776 566 851 invenire
590 785 731 851 rectam
760 775 949 874 (equalem,
980 785 1019 849 et
1052 784 1376 851 rectaecomnovnn-

165 891 264 964 dutce
278 887 457 988 (equalem
474 915 613 964 orcum.
1203 892 1348 995 Q

122 1090 124 1101 Ι
164 1005 223 1080 sit
239 1028 347 1079 arcus
366 1003 475 1078 datus
493 1004 561 1076 Ba:
589 1003 818 1102 ducatnrque
836 1004 905 1094 Ns,
923 1012 961 1077 et
977 1003 1162 1101 produca-

112 1130 175 1192 tur
191 1121 241 1192 ad
256 1118 355 1191 latus
369 1117 432 1191 BG
450 1117 489 1191 in
512 1118 552 1190 F.
604 1117 687 1190 Erit
704 1142 792 1214 ergo
812 1118 873 1191 BF
890 1118 1043 1214 aequalis
1060 1117 1164 1191 arcui

114 1231 167 1304 Be
182 1255 251 1328 per
267 1231 437 1328 primam.
490 1229 548 1303 Sit
565 1228 699 1303 deinde
720 1230 809 1303 data
827 1241 931 1303 recta
958 1230 1020 1303 BG
1046 1230 1164 1304 latus:

114 1356 352 1440 sumaturque
382 1343 541 1418 semissis
572 1344 663 1441 ejus,
693 1343 766 1417 BF.
817 1343 940 1416 Dncta
967 1366 1056 1439 ergo
1085 1343 1164 1435 BN,

113 1459 263 1562 secante
280 1481 408 1530 arcum
422 1455 488 1531 BG
504 1456 542 1529 in
557 1480 588 1546 a,
606 1456 689 1545 erit,
708 1480 774 1553 per
790 1457 960 1554 primam,
979 1456 1031 1529 Bs
1045 1481 1166 1555 aequa·

111 1571 158 1674 lis
174 1582 289 1644 rectae
307 1571 378 1644 BF.
430 1570 481 1644 Et
497 1569 685 1667 duplicata
703 1570 755 1643 Bc
779 1569 818 1643 in
839 1579 867 1660 t,
886 1569 957 1644 erit
982 1593 1090 1643 arcus
1118 1569 1166 1642 Bt

113 1683 265 1780 aequalis
282 1683 390 1757 lateri
409 1682 484 1757 BC.

116 1878 120 1889 ,
163 1798 247 1870 Brit
264 1821 409 1895 quoqne
420 1820 527 1870 arcus
545 1797 597 1870 Dt
614 1797 764 1895 aeqnalis
782 1809 896 1871 rectae
911 1796 983 1887 CL,
997 1795 1166 1892 tangenti

114 1917 166 2014 ‘30
183 1908 380 2007 graduum,
399 1910 475 1982 sive
492 1920 602 1982 rectae
619 1909 691 1983 Du.

485 2108 732 2160 Puoposl'rlo
759 2108 800 2160 V.

117 2214 167 2287 In
185 2212 326 2288 circulo
347 2210 562 2287 describere
578 2210 811 2310 polygonum
834 2211 1027 2311 regulare,
1044 2233 1168 2283 nume-

116 2333 119 2339 '
167 2352 251 2400 ram
268 2327 429 2400 laterum
446 2324 583 2398 habetes
602 2324 739 2398 dotum.

167 2436 337 2534 Exempli
353 2438 497 2533 gratia:
525 2437 808 2511 describendum
826 2436 929 2510 sitin
946 2436 1085 2510 circulo
1103 2461 1168 2510 cu-

113 2554 175 2647 jus
193 2549 318 2623 radius
335 2561 391 2622 est
411 2549 489 2639 AB,
506 2551 757 2646 heptagonum
774 2550 954 2645 regulare.

169 2663 345 2737 Sumatur
362 2686 385 2735 a
400 2675 538 2760 puncto
553 2665 584 2735 B
603 2664 758 2759 septima
771 2687 856 2758 pars
874 2677 987 2737 rectae
1002 2663 1084 2760 Bq:
1104 2661 1168 2734 da-

112 2788 180 2850 tnr
197 2776 295 2848 enim
312 2798 397 2871 pars
415 2776 571 2872 septima
596 2787 709 2848 rectae
732 2777 996 2873 cujuscunque.
1048 2775 1170 2849 Datur

118 2913 207 2986 argo
224 2912 310 2984 pars
328 2889 484 2985 septima
497 2911 603 2961 arcus
621 2888 709 2961 BG:
727 2911 838 2984 quam
851 2886 1043 2961 abscindet
1057 2886 1170 2960 ducta

117 3015 256 3076 rectaa
272 3015 412 3098 puncto
428 3002 464 3075 N
482 3001 531 3075 ad
556 3014 699 3097 partem
726 3001 920 3097 septimam
949 3023 1058 3073 arcus
1089 2998 1166 3072 BG.

117 3116 186 3190 Est
208 3139 297 3212 ergo
321 3137 428 3189 arcus
461 3114 525 3188 BG
552 3116 661 3188 simul
688 3139 773 3189 cnm
801 3116 962 3213 quinque
990 3112 1168 3210 septimis

115 3228 271 3323 aequalis
288 3226 483 3302 duodecim
501 3229 667 3326 septimis
694 3252 800 3302 arcus
819 3228 895 3303 BG.
946 3231 1014 3304 Est
1041 3239 1167 3301 autem

116 3350 199 3414 tota
216 3342 412 3438 perimeter
433 3343 618 3439 descripta
642 3342 913 3417 semidiametro
932 3343 1009 3431 AB,
1029 3341 1170 3415 duode-

107 3454 229 3551 cupla
244 3476 351 3528 arcus
369 3455 446 3528 BG.
496 3456 565 3528 Est
582 3479 670 3551 ergo
688 3466 770 3529 tota
786 3456 984 3551 perimeter
1001 3454 1171 3551 septupla

116 3590 226 3641 arcus
244 3567 307 3664 qui
330 3568 565 3665 componitur
588 3593 634 3641 cx
658 3568 852 3642 duodecim
870 3568 1035 3664 septimis
1061 3591 1170 3641 arcus

118 3681 195 3755 BG.
239 3680 358 3754 Datur
375 3693 499 3755 autem
517 3704 624 3754 arcus
640 3680 893 3776 duodecnplus
911 3681 1076 3777 septimae
1088 3704 1171 3776 par·

116 3796 165 3868 tis
183 3818 292 3868 arcns
311 3795 386 3869 BG.
439 3795 559 3868 Datur
575 3818 664 3890 ergo
683 3796 839 3890 septima
863 3818 949 3890 pars
967 3793 1081 3866 totins
1104 3815 1170 3888 pc-

114 3908 272 3982 rimetri.
325 3908 445 3981 Datnr
461 3932 550 4004 ergo
576 3919 614 3981 et
640 3907 737 3980 latus
764 3906 964 4004 heptagoni
994 3904 1171 4001 descripti

104 4025 151 4098 'in
170 4023 326 4112 circulo,
346 4024 450 4118 cnjus
467 4022 592 4096 radius
607 4033 662 4095 est
679 4019 760 4094 AB.

163 4139 296 4234 Itaque
314 4146 454 4230 quartae
473 4135 601 4230 partis,
620 4144 731 4229 atque
749 4132 841 4205 adeo
869 4131 983 4203 totins
1009 4130 1170 4226 perime-

110 4252 170 4341 tri,
182 4247 459 4345 longitudinem
472 4246 788 4320 demonstratione
798 4245 868 4317 hac
882 4244 998 4316 altera
1007 4246 1169 4339 (sumpta

110 4390 153 4438 ex
168 4387 249 4460 cap.
262 4383 313 4433 xx
332 4358 417 4430 libri
432 4359 614 4433 Hobbesii
634 4358 695 4432 De
714 4356 920 4453 Principiis
941 4356 1169 4430 Geometrioe
