2932 5054
278 466 280 473 ι
405 476 408 481 -
443 444 634 500 cnusnna
654 446 819 500 nnnv1s.
1101 433 1149 502 85

111 603 222 686 inodo
241 613 443 687 examinari
459 624 594 711 posset.
647 614 837 690 Quantum
854 624 979 687 tamen
996 611 1151 690 satis'sit
1222 622 1308 687 nosr'·

111 738 156 800 ut
170 726 263 800 scias
279 751 400 825 neque
417 727 454 800 in
471 728 540 801 hac
557 737 662 825 parte
685 728 882 824 quicquam
902 749 982 801 esse
1002 728 1151 825 (praeter
1182 724 1344 833 Q·

112 862 158 912 ea
174 863 256 936 quae
281 841 404 914 sciunt
427 841 547 938 pueri)
567 850 632 914 aut
656 851 853 937 geometrae
869 851 934 915 aut
957 840 1069 939 logici
1085 853 1151 916 aut

109 952 271 1025 bominis
289 953 381 1042 sani,
399 964 543 1026 tantum
560 952 630 1026 tibi
646 952 845 1027 adnotabo.
897 951 1017 1050 Caput
1041 954 1150 1052 hujus

110 1066 228 1163 partis
251 1067 410 1164 primum
434 1067 619 1163 totiusque
645 1067 765 1164 operis
782 1075 965 1164 quartum,
982 1067 1111 1164 incipit
1127 1091 1151 1141 a

109 1178 329 1252 definitione
345 1179 562 1274 quantitatis
580 1179 774 1255 continuae.

110 1321 116 1330 ·
163 1297 187 1330 “
201 1291 459 1380 Continuum,'’
477 1293 609 1390 inquit,
626 1297 651 1332 “
662 1293 828 1390 quodvis,
853 1292 1055 1367 secundum
1075 1293 1148 1366 Ca-

111 1403 254 1478 vallerii
277 1405 523 1479 Geometriam
547 1404 843 1496 Indiciaibilium,
869 1405 1086 1503 intelligitur
1103 1430 1150 1480 ex

111 1516 394 1594 indivisibilibus
419 1542 572 1593 numero
601 1519 755 1592 infinitis
782 1519 988 1594 constare.”
1039 1519 1150 1594 Quod

113 1629 250 1703 deinde
276 1631 473 1727 explicans,
496 1636 520 1671 ‘⁶
536 1633 620 1705 Hoc
644 1632 736 1722 est,”
762 1632 825 1722 ait,
852 1636 936 1705 “ex
961 1633 1151 1729 particulis

111 1742 352 1839 homogeneis
385 1744 530 1817 infinite
558 1745 712 1841 exiguis,
738 1768 891 1818 numero
917 1744 1083 1834 infinitis
1107 1759 1151 1820 ut

112 1845 212 1930 linea
228 1878 274 1928 ex
291 1855 443 1929 infinitis
466 1857 626 1952 punctis,
650 1856 722 1930 hoc
745 1866 813 1946 est,
839 1856 982 1931 lineolis
1008 1856 1151 1930 infinite

110 1970 271 2067 exiguis,
304 1969 536 2066 longitudine
569 1971 801 2068 aequalibus”,
832 1984 904 2044 etc.
956 1971 1152 2044 Miraberis

112 2084 270 2158 fortasse
298 2094 341 2156 tu
364 2085 472 2180 juxta
497 2107 607 2181 quam
631 2084 788 2180 logicam
816 2108 888 2158 vox
913 2082 1152 2157 Cuculleriaa

110 2196 254 2270 intrare
270 2207 395 2292 potest
409 2195 449 2268 in
466 2194 715 2270 definitionem
727 2195 941 2292 quantitatis
955 2196 1151 2270 continuae.

108 2308 192 2383 -Sed
207 2331 277 2405 ego
294 2308 365 2383 hoc
381 2320 573 2405 praetereo.

166 2421 341 2496 Definitio
371 2422 463 2496 falsa
494 2435 562 2511 est,
593 2432 631 2496 et
660 2444 706 2495 ex
735 2445 780 2495 ea
812 2421 989 2519 sequitur,
1018 2422 1150 2518 primo,

113 2535 360 2632 quantitatem
377 2535 589 2609 continuam
606 2534 755 2608 omnino
771 2535 910 2608 nullam
926 2558 1015 2608 esse.
1058 2533 1152 2609 Con·

114 2648 263 2721 tinnum
279 2649 378 2721 enim
400 2671 508 2722 omne
529 2648 708 2722 divisibile
729 2659 787 2720 est
806 2654 865 2741 (ut
887 2649 1051 2723 fatentur
1066 2673 1151 2745 geo·

111 2773 245 2836 metrae
261 2786 398 2852 omnes,
416 2785 485 2835 nec
498 2761 683 2835 Wallisius
699 2761 827 2856 negat)
843 2761 881 2835 in
899 2786 1042 2858 semper
1059 2763 1152 2835 divi*

114 2874 252 2949 sibilia:
271 2886 309 2948 et
318 2886 512 2971 propterea
524 2898 614 2970 pars·
622 2873 867 2948 infinitissima
876 2873 1041 2949 continui
1052 2875 1154 2948 nulla

113 2998 183 3062 est.
219 2986 330 3062 Quod
344 2998 469 3061 autem
483 3009 528 3059 ex
540 2986 663 3060 nihilis
674 2983 907 3085 componitur
920 2987 989 3061 etsi
999 3011 1152 3061 numero

111 3099 281 3190 infinitis,
298 3100 392 3173 nihil
409 3111 482 3173 est:
509 3112 548 3173 et
564 3123 632 3196 per
648 3122 886 3197 consequens,
900 3101 1008 3197 juxta
1025 3100 1153 3174 defini·

111 3214 256 3288 tionem
273 3213 380 3303 hanc,
399 3213 615 3286 continuum
631 3213 772 3286 nullum
789 3224 854 3286 est.

110 3358 114 3364 ·
167 3327 350 3416 Secundo,
374 3327 405 3400 si
433 3327 650 3401 continuum
669 3327 718 3400 sit
744 3338 999 3423 aggregatum,
1022 3339 1066 3399 ut
1091 3326 1153 3399 ille

112 3440 220 3529 dicit,
237 3464 283 3514 ex
300 3440 589 3529 indivisibilibus,
606 3440 671 3513 ubi
687 3452 744 3513 est
761 3440 946 3536 quantitas
971 3439 1155 3513 discreta?

112 3555 217 3628 Nam
241 3577 415 3626 numerus
439 3552 637 3625 nihilorum
666 3577 840 3626 numerus
866 3576 940 3626 non
966 3567 1038 3626 est:
1070 3552 1155 3647 quia

112 3693 292 3743 numerus
304 3693 458 3743 numero
469 3669 628 3759 additus,
640 3671 697 3743 vel
715 3671 754 3743 in
772 3693 964 3743 numerum
981 3669 1155 3765 multipli-

117 3796 234 3872 catus,
252 3783 294 3857 fit
310 3783 440 3879 major.
494 3781 568 3855 Sed
585 3783 676 3856 nihil
700 3806 821 3879 neque
845 3782 1032 3856 additione
1048 3780 1155 3854 nihil·

118 3920 225 3969 orum
242 3919 360 3993 neque
377 3894 682 3991 multiplicatione
699 3896 775 3969 ulla
790 3896 918 3992 augeri
934 3906 1068 3991 potest,
1085 3918 1156 3968 nec

113 4009 298 4082 divisione
314 4008 442 4081 minui.

171 4121 312 4210 Tertio,
331 4145 376 4194 ex
403 4121 472 4194 hac
499 4120 723 4211 delinitione,
741 4131 927 4218 assumpto
951 4121 1051 4218 quod
1070 4145 1155 4218 sup-

119 4235 227 4333 ponit
251 4233 300 4307 ad
325 4257 430 4331 prop.
447 4234 496 4320 vi,
509 4259 589 4332 cap.
606 4260 641 4324 v,
662 4232 805 4307 Circulr‘
820 4244 997 4309 sectorem
1014 4260 1061 4308 ea
1073 4234 1156 4331 infi-

119 4349 210 4423 nitis
220 4347 579 4423 numerosectoribue
589 4347 768 4447 componi,
778 4348 855 4421 aive
873 4349 1157 4447 (quodpropter

122 4462 344 4557 infinitatem
367 4459 490 4535 eodem
519 4459 679 4553 recidit)
700 4487 747 4535 ea
771 4460 923 4538 totidem
950 4460 1156 4559 triangulis
