2932 5054
518 447 848 502 nccnnsmsrrcs.
1131 436 1203 515 357

169 610 309 677 Nomine
326 610 501 679 Chnldaeis:
525 635 640 679 nornen
654 613 833 680 venerabile
848 614 1017 699 quondum,

212 709 263 777 Ut
277 734 398 798 magus,
413 722 451 777 nt
465 712 598 799 sapiens,
614 724 715 799 utque
728 712 977 779 mathematicus.

170 809 235 876 sed
249 811 376 895 quando
390 822 516 898 gentem
534 812 696 877 Romanus
710 812 829 879 vicerat
842 811 939 891 illam,
1192 846 1198 858 r

211 907 372 976 Niliacum
389 911 539 997 populum
555 912 800 997 subdideratque
814 911 926 990 levem,
1140 920 1204 980 290

169 1008 313 1074 Venerat
327 1020 361 1075 et
374 1010 510 1076 Romam
526 1011 713 1077 (lhuldaeusz
735 1021 814 1077 tnnc
827 1011 1028 1080 inhonestum

212 1105 356 1174 Chaldaei
371 1131 495 1186 nomen,
511 1107 762 1196 Philosophique
776 1109 850 1175 mit.

169 1204 204 1270 N
204 1228 255 1271 sm
269 1229 381 1294 regum
396 1219 513 1274 mortes
526 1208 641 1285 audax,
657 1207 795 1292 bellique
810 1206 935 1275 futuros

211 1305 365 1384 Eventus,
381 1318 545 1394 promptus
559 1307 663 1373 dicere
678 1306 762 1373 solus
777 1317 853 1373 emt.

169 1404 315 1470 Perfidiae
330 1405 441 1491 coeptis
455 1406 637 1484 audacibus,
652 1417 749 1490 atquc
763 1405 873 1491 pericli

211 1503 330 1581 Plenis,
346 1527 432 1590 spem
448 1505 560 1571 solitus
574 1505 709 1571 vendere
724 1504 808 1571 solus
822 1516 900 1583 erat,

168 1600 326 1668 Metronis
340 1625 457 1681 suasor,
472 1614 570 1681 vetes,
585 1604 711 1690 adjutor
724 1613 759 1669 et
772 1603 855 1669 idem

212 1699 381 1768 Chaldaeus
395 1725 518 1789 semper
532 1703 634 1789 turpis
649 1702 763 1769 amoris
777 1712 854 1768 erat

169 1800 369 1886 Astrologus,
385 1801 467 1877 leno,
483 1801 662 1879 Chaldaeus‚
677 1801 957 1887 philosophusque,

210 1900 235 1966 J
238 1901 354 1978 udaeus,
369 1901 515 1979 mendax,
530 1912 627 1986 atque
641 1900 892 1978 mathematicus,
1138 1904 1203 1967 300

170 1998 356 2086 Sortilegus,
370 2024 480 2078 vanus,
499 2001 657 2087 deceptor,
673 2001 908 2086 veneficmque,

210 2098 246 2162 N
247 2099 352 2164 omina
365 2109 452 2165 certa
465 2101 544 2166 scios
558 2100 652 2165 unius
667 2122 734 2166 esse
748 2099 829 2176 viri3

170 2197 276 2280 Quem
290 2198 394 2264 Roma
407 2222 498 2286 reges
513 2209 686 2286 potuerunt
700 2198 816 2286 pellere
830 2221 924 2285 saepe,

212 2295 346 2362 Pulsum
361 2320 424 2363 non
438 2298 545 2384 potuit
560 2297 661 2362 Roma
675 2306 784 2362 tenere
797 2295 889 2362 soros

169 2397 233 2461 Sco.
257 2397 417 2475 Claudius,
434 2408 472 2463 ut
485 2397 580 2475 nosti,
594 2395 798 2474 Ptolemaeus,
814 2396 872 2482 qui
885 2395 949 2461 suit
962 2394 1078 2460 author

211 2495 325 2582 Magni
340 2496 452 2582 operis,
467 2495 597 2562 minime
610 2518 711 2562 venus
726 2495 861 2561 hebetur
875 2495 987 2560 homo:

170 2594 385 2660 Astronomus
400 2595 566 2680 priscoque
580 2605 614 2660 et
627 2606 735 2660 nostro
750 2605 891 2680 tempore
905 2593 1018 2669 clarus,

212 2694 272 2761 Ille
284 2696 480 2782 qendhliocoe
494 2695 638 2760 conditor
652 2695 728 2760 artis
743 2703 820 2760 eret

168 2790 212 2870 Is,
228 2793 314 2878 quod
329 2804 485 2859 astrorum
499 2793 680 2879 dependent
694 2793 799 2859 omnia
813 2800 906 2867 nutu,

211 2891 386 2958 Fortunam
402 2902 435 2957 ot
448 2892 589 2959 sobolem
603 2891 712 2957 sideris
727 2913 804 2968 esse,
825 2890 927 2955 docet
1139 2891 1203 2953 ³10

169 2992 222 3055 An
239 2990 345 3056 stelles
360 3001 484 3076 torpere
498 3000 591 3077 putas
606 2990 674 3056 sine
689 2989 818 3067 viribus,
833 2999 890 3053 out
904 2987 969 3054 vim

210 3090 246 3155 N
247 3113 289 3156 on
303 3090 413 3157 efferre
428 3090 505 3156 satis
519 3113 609 3176 posse
623 3092 743 3176 putabo
757 3112 866 3154 susm:

171 3189 252 3272 Quae
267 3200 374 3254 tamen
389 3189 429 3254 ed
443 3212 500 3255 nos
514 3212 617 3274 usque
632 3188 741 3254 ferunt
754 3186 858 3253 lucem
872 3195 969 3271 etque
980 3183 1125 3262 calorem,

212 3288 257 3354 Et
272 3298 399 3354 mutant
413 3288 525 3354 faciem
541 3287 789 3374 temperiemque
804 3285 884 3352 soli?

169 3387 270 3454 Nilne
284 3388 434 3474 frequens
449 3389 519 3454 ooeli
534 3388 611 3453 fecit
624 3387 827 3453 observatio?
869 3385 905 3449 N
906 3406 989 3450 onne

213 3486 252 3553 Id
267 3488 352 3572 quod
368 3511 451 3574 saepe
465 3487 538 3564 fuit,
554 3510 611 3552 nos
624 3486 717 3552 docet
731 3485 764 3549 id
778 3484 864 3569 quod
878 3483 963 3550 erit?

169 3586 230 3650 Pr.
254 3585 339 3650 Non.
380 3584 449 3651 Scit
459 3586 543 3651 enim
559 3585 636 3670 quid
651 3584 721 3661 erit,
737 3584 798 3649 nisi
812 3583 869 3669 qui
884 3582 961 3648 sciat
976 3580 1091 3658 omnia,
1100 3602 1202 3646 nemo.

213 3684 312 3752 Omni
325 3684 533 3751 contribuunt
547 3684 653 3750 omnia
667 3705 804 3767 nomque
819 3683 873 3748 rei.

171 3784 285 3851 Nescit
299 3783 534 3870 ephemeridum
549 3783 719 3859 conlector,
735 3792 860 3868 postera
875 3780 952 3866 quid
967 3779 1010 3846 sit

213 3884 365 3949 Alloturn
378 3884 464 3949 dies:
487 3884 605 3970 decipit
620 3883 673 3949 ille
688 3882 798 3949 sciens.
1140 3881 1205 3941 320

170 3979 301 4047 Etcum
316 3982 459 4069 praedicit
472 3982 555 4046 male
569 3981 704 4067 publico,
720 3981 840 4068 cogitat
853 3979 908 4044 illu

214 4080 288 4163 Quo
302 4092 394 4168 paeto
409 4081 523 4156 faciat3
547 4081 663 4167 dignus
677 4090 710 4146 et
724 4091 773 4146 est
786 4077 923 4163 lsque0¹.

441 4279 450 4313 ¹
470 4277 550 4348 [l‘ide
563 4279 725 4332 anurnsu
739 4276 857 4349 Anglice,
867 4293 892 4346 p.
904 4275 943 4344 9.]
