2932 5054
373 452 561 513 Amouor
581 451 854 506 snomnrnrca
873 452 962 506 nro.
1120 439 1189 506 189

145 619 253 692 simul
270 631 428 716 sumpta,
447 620 625 716 aequalia*
638 643 716 693 esse
729 620 846 693 tribus
865 620 1003 716 quintis
1020 619 1192 716 quadrati
1223 647 1292 688 cle.
1306 646 1373 686 vro.

144 732 290 820 ABCD,
308 733 347 807 id
365 745 422 807 est
438 733 557 807 tribus
574 734 713 829 quartis
731 734 945 830 quadrantis
963 734 1075 810 DAC.
1229 713 1374 815 HK:

195 847 317 942 Atque
335 846 415 920 haec
434 847 582 944 quidem
596 848 701 935 scire,
713 871 797 920 eum
814 870 880 945 per
897 871 1028 922 senon
1047 872 1191 945 magnae
1232 836 1386 896 ΜΝ·

146 971 231 1033 sunt
258 959 442 1048 utilitatis
474 961 664 1057 praeterire
687 959 903 1056 potuissem,
929 961 1000 1034 nisi
1028 986 1114 1035 eum
1132 984 1193 1058 oy·

147 1072 375 1147 clometriam
410 1086 570 1146 tractare
610 1074 839 1170 incepissem,
873 1098 1047 1171 cuperem
1080 1074 1193 1148 etiam

146 1187 333 1282 perficere.
391 1187 513 1260 Etiam
531 1187 707 1282 quoniam
725 1186 773 1261 ad
790 1186 1057 1283 plenitudinem
1074 1187 1192 1285 cyclo·

147 1299 289 1373 metriae
307 1300 470 1396 pertinet
488 1300 616 1373 circuli
634 1323 779 1397 quoque
797 1301 970 1397 partium,
984 1300 1024 1373 id
1041 1315 1099 1375 est
1115 1325 1194 1375 sec-

147 1424 268 1486 torum
292 1412 368 1486 sive
397 1412 630 1510 angulorum,
649 1437 872 1510 cognoscere
890 1415 1128 1510 quantitates,
1147 1414 1193 1488 de

147 1526 218 1599 illis
232 1528 310 1623 jam
328 1526 525 1600 dicendum
544 1539 612 1600 est.

199 1661 255 1711 vr.
285 1639 525 1713 Describatur
554 1663 681 1713 rursus
715 1640 770 1734 (in
787 1640 851 1737 fig.
862 1639 941 1734 viii)
971 1639 1191 1738 quadratum

149 1751 294 1842 ABCD,
314 1752 472 1825 divisum
490 1765 532 1825 ut
554 1753 593 1825 in
609 1753 672 1849 fig.
683 1752 745 1826 vii.

199 1865 314 1939 Arcui
341 1865 401 1938 ΟΡ
429 1876 595 1939 sumatur
628 1865 778 1963 aequalis
805 1866 893 1939 LV:
929 1877 966 1939 et
996 1866 1097 1939 arcui
1127 1866 1194 1940 LK

149 1978 299 2073 aequalis
318 1991 485 2052 sumatur
504 1979 571 2052 ct.
625 1979 811 2054 Quoniam
829 2003 916 2076 ergo
930 1980 996 2052 LK
1010 1992 1066 2053 est
1084 1979 1195 2053 tertia
1318 2024 1323 2032 ·

149 2114 235 2187 pars
264 2115 371 2165 arcus
390 2091 468 2182 LC;
496 2092 567 2166 erit
596 2091 662 2164 LK
687 2101 743 2178 10,
774 2103 814 2165 et
832 2092 892 2166 Kk
914 2101 970 2182 10,
1001 2104 1039 2165 et
1056 2093 1112 2165 1εο
1137 2099 1193 2181 10,

149 2228 305 2299 quorum
323 2204 384 2277 LC
398 2217 456 2278 est
474 2213 533 2279 30.
588 2206 741 2295 Rursus,
759 2206 932 2302 quoniam
951 2206 1022 2293 ΟΡ,
1033 2205 1097 2279 LV
1109 2218 1196 2281 sunt

149 2316 238 2391 facti
256 2317 425 2415 aequales,
455 2317 572 2391 diviso
596 2342 685 2391 arcu
703 2318 765 2391 CL
781 2343 804 2391 a
821 2330 923 2391 recta
940 2318 998 2392 De
1014 2318 1195 2405 bifariam,

151 2428 289 2503 divisus
319 2432 390 2503 erit
416 2443 454 2504 et
481 2454 588 2504 arcus
612 2431 673 2504 PV
690 2431 860 2504 bifariam
877 2431 914 2504 in
932 2456 964 2504 e.
1016 2432 1083 2504 Est
1105 2454 1195 2528 ergo

151 2556 228 2615 tum
248 2567 355 2617 arcus
373 2545 435 2633 Ce,
454 2558 532 2617 tum
551 2567 658 2617 arcus
676 2544 728 2616 Le
748 2552 803 2617 15.
856 2543 979 2618 Quare
997 2557 1076 2618 tum
1088 2568 1196 2618 arcus

151 2657 217 2743 Ve,
236 2667 315 2729 tum
339 2680 445 2730 arcus
464 2658 533 2729 KV
562 2661 626 2740 7l:
653 2681 741 2753 ergo
756 2681 863 2730 arcus
881 2658 956 2748 LV,
975 2671 1017 2732 ut
1034 2671 1071 2733 et
1088 2683 1196 2732 arcos

152 2770 212 2844 PC
242 2773 320 2854 t7l.
360 2771 457 2866 Ergo
476 2793 582 2843 arcus
601 2769 752 2842 CVsive
770 2769 835 2842 KP
848 2783 905 2843 est
928 2777 1005 2855 124.
1043 2772 1077 2844 A
1094 2784 1198 2845 recto

154 2884 222 2957 ΕΙ)
249 2884 439 2958 auferatur
462 2885 518 2957 Ea
540 2884 689 2981 aequalis
715 2884 913 2958 semilateri
935 2885 1019 2957 EC:
1047 2897 1084 2958 et
1111 2885 1197 2958 resi·

153 2998 267 3072 duum
285 2996 345 3070 Do
363 2999 445 3094 (per
462 2998 578 3072 Elem.
593 2997 669 3086 xiii,
687 3021 792 3094 prop.
817 2999 850 3089 l)
872 2997 943 3070 erit
970 2999 1088 3094 majus
1112 3021 1193 3094 seg·

153 3122 321 3184 mentum
337 3110 466 3183 lateris
485 3110 566 3198 DC,
584 3109 660 3181 sive
678 3122 788 3182 rectae
805 3110 869 3183 DP
892 3109 1017 3183 divisae
1034 3122 1199 3183 extrema

153 3236 192 3297 et
207 3224 329 3297 media
346 3223 502 3296 ratione.
540 3222 739 3296 Intervallo
759 3222 819 3294 Do
840 3222 1073 3295 describatur
1091 3246 1198 3296 arcus

152 3336 200 3410 ab
231 3360 359 3410 secans
387 3361 514 3409 arcum
542 3336 609 3408 DB
633 3335 670 3408 in
690 3334 735 3420 t;
763 3348 802 3408 et
830 3336 1056 3431 producatur
1074 3334 1132 3409 Db
1149 3335 1199 3409 ad

153 3474 281 3523 arcum
301 3448 362 3523 CL
378 3451 416 3522 in
434 3474 470 3521 u.
522 3449 602 3521 Erit
634 3472 722 3543 ergo
750 3472 857 3522 arcus
885 3446 937 3523 Cu
961 3459 1015 3538 12,
1042 3473 1199 3545 qnorum

155 3564 220 3637 CL
237 3577 293 3637 est
311 3571 371 3637 30.
424 3563 521 3635 Nam
537 3584 604 3658 per
621 3561 736 3633 Elem.
755 3561 828 3649 xiv,
846 3586 951 3658 prop.
965 3571 1001 3651 9,
1019 3574 1122 3637 recta
1139 3562 1200 3636 Db

153 3674 343 3749 subtendit
361 3675 541 3749 decimam
558 3687 701 3771 partem
721 3674 835 3747 totius
853 3676 1052 3772 perimetri,
1070 3675 1108 3748 id
1130 3687 1198 3764 est,

154 3791 323 3884 quintam
338 3799 482 3884 partem
500 3786 790 3882 semiperimetri‚
806 3787 845 3860 id
862 3801 929 3877 est,
945 3789 1036 3861 duos
1054 3789 1201 3885 quintas

153 3926 262 3976 arcus
280 3901 358 3975 BD.
411 3903 478 3974 Est
501 3924 589 3996 ergo
617 3925 723 3974 arcus
741 3900 800 3974 Db
818 3902 900 3974 duae
927 3902 1065 3998 quintae
1092 3926 1200 3976 arcus

156 4016 234 4091 BD.
287 4017 335 4090 Et
352 4017 439 4113 quia
456 4016 612 4112 angulus
636 4016 675 4088 in
702 4029 843 4104 centro,
862 4041 995 4114 nempe
1012 4016 1116 4106 DAb,
1135 4017 1200 4090 du·

154 4128 239 4226 plus
267 4142 323 4203 est
353 4129 478 4226 anguli
506 4130 543 4201 in
579 4128 884 4219 circumferentia,
912 4154 1044 4227 nempe
1074 4130 1201 4227 anguli

549 4367 566 4404 ¹⁸
584 4365 633 4427 Sic
646 4367 715 4427 edit.
734 4369 819 4430 1674.
