2932 5054
423 437 511 492 nux
530 434 849 488 uaruuuamoa.
1088 420 1161 486 121‘

115 623 206 700 ergo
220 603 391 700 proprius
415 603 464 678 ad
490 616 661 678 naturam
688 614 801 678 rectae
827 603 1026 700 perimeter
1040 601 1159 697 major
1172 623 1373 667 corrrum-

113 741 223 814 ,quam
243 718 375 792 minor.
1200 705 1344 809 Q

111 889 114 893 .
163 830 349 904 Wallisius
366 831 458 904 nihil
475 829 576 904 aliud
593 831 731 927 objicit,
751 852 861 923 qnam
879 829 979 925 quod
1003 825 1160 901 totidem

111 943 290 1016 flexiones
307 943 450 1017 faciunt
466 943 593 1016 circuli
609 943 849 1039 perimetrum
867 941 1015 1038 majoris
1039 951 1078 1013 et
1094 939 1161 1012 mi·

111 1055 226 1144 noris,
245 1056 283 1128 id
301 1067 369 1140 est,
387 1080 432 1128 ex
450 1068 552 1129 reeta
574 1055 678 1129 brevi
697 1067 735 1128 et
758 1056 869 1152 longa
886 1055 1015 1128 iisdem
1032 1054 1161 1127 flexio·

111 1168 222 1241 nibus
249 1169 293 1242 fit
321 1170 519 1264 perimeter
546 1192 792 1266 quaeounque:
818 1168 918 1267 quod
945 1179 1003 1241 est
1030 1180 1162 1241 contra

111 1282 239 1364 lumen
255 1281 433 1356 naturale.

164 1396 350 1469 Praeterea
366 1396 447 1490 quis
465 1395 621 1483 dubitat,
648 1396 735 1493 quin
755 1419 840 1492 pars
858 1394 991 1491 exigua
1008 1394 1162 1490 superfi-

113 1511 182 1584 ciei
201 1508 355 1605 sphaerae
372 1510 541 1582 maximae
558 1508 702 1604 planior
723 1509 783 1596 sit,
807 1532 917 1604 quam
941 1506 1160 1580 tantundem

113 1622 320 1718 superficiei
338 1621 377 1694 in
391 1621 535 1717 sphaera
551 1621 726 1694 minima:
753 1631 791 1693 et
808 1632 1015 1716 propterea,
1033 1641 1162 1692 omnes

112 1735 222 1808 simul
239 1747 364 1831 partes
382 1735 550 1806 omnibus
574 1734 682 1807 simul
708 1734 873 1830 portibus
891 1755 969 1805 esse
992 1732 1163 1828 majores.

113 1847 244 1922 Sentio
258 1871 346 1945 ergo
360 1871 444 1921 oum
461 1847 662 1920 Hobbesio.

423 2141 743 2195 CONTROVERSIA
762 2144 857 2196 vlu.

117 2370 123 2379 ,
166 2283 228 2356 De
243 2282 449 2380 ‹equatione
462 2282 571 2357 linere
587 2295 700 2359 recta
716 2295 754 2360 et
771 2310 881 2358 arcuo
895 2283 1039 2360 circuli.
1088 2305 1163 2358 no-

116 2419 210 2473 sam
229 2421 334 2494 prop.
352 2420 387 2468 v.

167 2509 385 2606 Repetenda
402 2521 459 2583 est
474 2510 547 2583 hoc
568 2510 650 2584 loco
674 2510 787 2607 ipsius
806 2510 985 2584 Hobbesii
1011 2510 1163 2583 demon-

115 2624 249 2698 stratio
268 2635 306 2696 et
321 2625 452 2719 figura.
486 2625 553 2696 Est
570 2625 666 2696 enim
681 2624 870 2720 problema
883 2624 1163 2712 nobilissimum,

115 2762 140 2810 a
158 2738 311 2810 summis
334 2751 373 2810 et
400 2736 483 2810 imis
501 2740 698 2834 geometris
726 2739 789 2812 diu
808 2740 1001 2836 quaesitum
1028 2740 1165 2812 frustra

116 2863 157 2922 et
172 2849 250 2923 fere
269 2849 527 2945 desperatum:
546 2852 647 2947 quod
665 2853 874 2925 Hobbesius
892 2853 1164 2926 demonstrasse

118 2986 159 3038 se
176 2973 282 3058 putat
298 2961 371 3034 hoc
389 2962 513 3036 modo.

169 3073 296 3148 Media
320 3076 603 3172 proportionalis
627 3077 724 3150 inter
751 3077 1063 3150 semidiametrum
1092 3077 1165 3149 cir-

117 3188 192 3263 culi
214 3200 253 3261 et
278 3187 441 3284 ejusdem
470 3188 561 3261 duas
589 3189 747 3284 quintas,
764 3190 912 3286 aequalis
940 3203 997 3263 est
1023 3190 1167 3263 duabus

118 3301 259 3400 quintis
273 3313 415 3397 quartae
431 3301 549 3397 partis
567 3302 706 3375 circuli.

123 3506 128 3515 ,
170 3415 409 3489 Describatur
441 3414 518 3510 (fig.
538 3415 575 3507 v)
609 3415 791 3511 quadrans
822 3416 950 3490 circuli
981 3416 1096 3506 Dae,
1126 3429 1167 3490 et

118 3527 350 3623 compleatur
367 3526 586 3624 quadratum
605 3528 748 3601 ABCD.
814 3530 858 3601 ln
878 3529 993 3603 latere
1011 3529 1076 3602 DC
1093 3530 1167 3624 sig-

118 3653 231 3714 netur
247 3640 324 3729 DT,
343 3638 428 3713 duae
455 3640 568 3736 ipsius
586 3641 748 3737 quiutae:
776 3654 814 3715 et
837 3643 934 3715 inter
952 3643 1017 3716 DC
1046 3655 1084 3716 et
1101 3642 1168 3715 ΒΤ

118 3765 287 3828 sumatur
304 3753 425 3825 media
443 3754 727 3850 proportionalis
745 3755 826 3843 Du,
839 3767 881 3828 ut
899 3757 973 3828 sint
995 3753 1069 3846 DC,
1085 3755 1168 3844 DR,

121 3868 200 3954 ΒΤ,
218 3866 394 3939 continue
420 3867 737 3962 proportionales:
769 3881 808 3941 et
831 3868 1085 3942 describantur
1108 3894 1168 3943 ar·

119 4005 184 4054 cus
202 3979 354 4165 le’drv
367 3980 601 4076 quadrantes.
653 3983 720 4054 Est
737 4006 843 4056 arcus
853 3983 918 4055 TV
932 3982 1014 4055 duae
1028 3985 1169 4079 quintae

117 4116 226 4166 arcus
313 4148 322 4164 .

169 4207 273 4281 Dicit
290 4230 417 4279 areum
435 4206 499 4280 TV
515 4218 553 4280 et
571 4219 709 4282 rectam
727 4208 797 4281 DR
814 4232 893 4282 esse
910 4208 1079 4303 aequales.
