2932 5054
450 443 690 496 aenomaus
711 442 898 496 oramus.
1126 429 1199 495 219

523 727 773 781 PROPOSITIO
793 728 839 779 11.

159 857 286 932 Motae
309 883 335 932 u
362 857 487 932 lucido
513 860 568 932 od
589 856 731 931 oculum
747 866 996 958 propagatur
1021 879 1095 954 per
1120 879 1203 928 eou-

241 973 380 1046 tiuuam
398 972 635 1068 rejectionem
650 971 779 1070 partie
797 970 909 1043 medii
926 968 1122 1067 contiguo.

211 1112 476 1208 supposuimus
496 1110 708 1206 (hypothesi
725 1109 851 1200 tertia)
868 1131 987 1204 neque
1005 1108 1203 1203 objectum,

159 1249 279 1322 neque
297 1238 440 1321 partem
458 1224 617 1321 aliquam
636 1225 714 1320 ejus
733 1244 991 1320 quamcunque
1008 1220 1047 1294 in
1066 1220 1205 1293 visione

159 1339 316 1411 transire
334 1336 382 1411 ad
399 1337 546 1411 oculum
563 1368 573 1419 ;
599 1360 718 1434 neque
736 1337 832 1408 ullus
857 1334 949 1407 alius
978 1333 1108 1406 modus
1131 1358 1205 1429 quo

158 1466 282 1525 motus
300 1451 348 1525 ad
366 1451 575 1525 distantiam
593 1461 819 1547 propagetur
843 1446 1045 1543 excogitari
1072 1457 1205 1541 potest,

160 1579 296 1663 praeter
326 1565 428 1638 illum
457 1587 566 1659 quem
593 1562 864 1660 proposuimus.
917 1560 1090 1657 Sequitur
1116 1583 1205 1656 ergo

161 1679 263 1752 illum
280 1701 372 1752 esse.

517 1895 767 1948 Pnorosraro
787 1895 850 1946 111.

222 2025 470 2099 considerare
488 2025 661 2121 quomodo
675 2026 758 2119 fiat
775 2023 905 2108 lumea,
923 2030 961 2094 et
976 2020 1070 2118 quid
1082 2022 1143 2095 eit.

215 2167 271 2241 sit
304 2167 535 2262 propositum
568 2164 744 2254 lucidum,
772 2185 905 2259 corpus
935 2161 1071 2245 solare;
1103 2164 1207 2259 cujus

164 2293 332 2353 centrum
348 2280 394 2368 A,
413 2278 684 2352 semidiameter
702 2277 788 2350 AB:
808 2274 868 2348 cui
886 2272 1210 2349 circumscribatur

165 2392 262 2465 orbis
273 2393 528 2466 concentricus
543 2393 647 2489 cujus
658 2390 841 2464 crassities
852 2388 927 2461 BC.
956 2388 1093 2461 Orbem
1104 2414 1207 2480 voce,

165 2506 321 2579 solidum
335 2518 551 2580 contentum
569 2506 667 2579 inter
680 2506 771 2578 duas
788 2502 986 2601 sphaericas
1000 2503 1211 2598 superficies

165 2619 429 2693 concentricas.
509 2620 648 2692 Rursus
684 2619 764 2692 orbi
800 2617 863 2689 BC

166 2732 468 2829 circumponatur
503 2732 602 2806 orbis
641 2731 734 2805 alius
775 2755 864 2804 con-

166 2846 350 2919 centricus
368 2843 444 2933 CD,
459 2857 497 2918 et
514 2846 600 2918 huic
614 2844 708 2917 alter
721 2845 807 2917 DE:
827 2855 864 2917 et

166 2956 295 3031 eodem
313 2959 424 3031 modo
441 2970 676 3055 quotcunque
694 2957 767 3046 alii,
785 2957 863 3052 qui·

165 3072 257 3145 libet
282 3071 433 3144 cuilibet
453 3071 616 3166 aequalis,
680 3070 864 3146 Quoniam

166 3209 256 3280 ergo
310 3183 511 3257 exteriores
558 3183 864 3258 circumferentiae

167 3320 311 3393 semper
327 3298 484 3393 majores
506 3309 592 3369 sunt
616 3296 864 3386 interioribus,

168 3423 278 3483 erunt
300 3409 488 3505 reciproce
516 3409 697 3483 crassities
724 3409 941 3483 interiorum
965 3411 1110 3484 orbium
1137 3433 1213 3482 ma-

165 3523 265 3616 jores
284 3546 394 3618 quam
411 3522 659 3595 exteriorum:
691 3547 803 3618 quare
820 3525 937 3620 major
954 3537 1010 3597 est
1023 3524 1085 3597 BC
1104 3546 1215 3619 quam

171 3634 295 3724 cneo
308 3636 372 3708 OD
384 3658 495 3730 quam
506 3635 583 3708 DE.
612 3635 796 3710 Quoniam
804 3637 881 3733 jam
895 3661 962 3733 per
971 3639 1148 3735 primam,
1159 3635 1215 3709 sol

170 3747 300 3822 dilatat
313 3772 352 3821 se
370 3760 408 3821 et
421 3748 594 3821 tumescit
611 3750 649 3821 in
665 3749 797 3822 molem
821 3752 1010 3848 majorem,
1030 3773 1214 3847 suppona-

169 3885 249 3934 mus
279 3861 392 3934 solem
420 3861 458 3933 in
486 3860 653 3951 diastole,
680 3862 755 3935 sive
787 3865 1041 3952 tumescentia,
1069 3886 1214 3958 aequare

169 3986 285 4047 totam
297 3973 479 4069 sphaeram
493 3974 597 4070 cujus
607 3974 876 4049 semidiameter
887 3989 943 4050 est
953 3977 1029 4050 Ac.
1056 3976 1215 4049 Necesse

169 4111 257 4183 ergo
275 4098 332 4160 est
350 4098 393 4158 ut
411 4087 523 4160 medii
540 4112 625 4183 pars
644 4112 724 4184 quac
750 4102 830 4162 erat
847 4090 886 4163 in
905 4091 994 4164 orbe
1012 4090 1089 4178 BC,
1107 4100 1216 4161 exeat

170 4201 208 4272 in
226 4201 348 4274 locum
367 4199 436 4273 sibi
454 4201 630 4297 aequalcm
648 4204 868 4299 proximum,
881 4229 1014 4303 nempe
1032 4205 1070 4277 in
1088 4205 1216 4278 orbem

172 4312 255 4385 CD:
287 4313 395 4409 idque
431 4313 560 4387 eodem
591 4325 768 4412 tempore.
824 4318 921 4394 Nam
951 4344 1023 4417 quo
1054 4318 1216 4395 instante

1252 1146 1336 1187 PROP.
1349 1145 1382 1186 11.

1244 1214 1388 1249 »wa
