2932 5054
463 426 700 480 sanciatus
721 428 908 481 onsicus.
1128 417 1202 482 229

165 595 228 667 sed
246 607 388 669 tantum
406 593 452 667 ad
472 594 513 681 C,
537 595 590 666 ita
611 605 654 667 ut
670 594 735 667 Ac
752 595 799 668 sit
816 593 966 690 aequalis
985 593 1062 665 DB.
1115 595 1203 669 Pro·
1236 631 1320 672 naon.
1336 631 1389 671 vn.

165 709 277 782 ducta
303 721 407 781 recta
427 708 505 793 DB,
532 709 599 780 fiat
630 708 702 780 DH
728 708 879 804 aeqnalis
907 716 1016 780 rectae
1039 707 1111 781 ΟΕ.
1163 711 1203 784 Si
1243 701 1384 736 ἢ*
1419 746 1423 752 ·

164 822 277 919 igitur
292 821 452 895 medinm
467 830 649 893 mutatum
667 845 742 894 non
757 833 852 894 esset
865 819 1011 917 qnando
1025 821 1203 898 terminus

165 2866 256 2938 lucis
274 2867 547 2966 Apropagatns
565 2882 662 2944 esset
675 2870 722 2944 ad
740 2871 782 2957 Ε,
796 2870 889 2943 alter
902 2869 1079 2942 terminus
1097 2868 1202 2942 debe·

164 2992 222 3052 ret
250 3003 328 3052 esse
351 2981 389 3053 in
421 2984 482 3054 H:
509 2985 700 3057 immersus
731 2983 869 3055 scilicet
896 2983 962 3054 snb
986 2982 1095 3077 plano
1125 2982 1203 3071 ΕΙ),

166 3104 303 3186 quanta
321 3106 375 3167 est
402 3095 575 3170 distantia
602 3096 752 3169 minima
776 3096 873 3167 inter
890 3109 1066 3191 punctum
1092 3094 1126 3167 H
1148 3094 1204 3167 vel

166 3205 250 3278 Cet
268 3219 406 3280 rectam
427 3208 504 3298 ED,
531 3210 588 3283 vel
615 3211 712 3282 inter
739 3207 892 3281 eandem
915 3221 1053 3281 rectam
1076 3209 1141 3281 ΕΙ)
1167 3220 1205 3282 et

164 3319 233 3391 sibi
266 3321 477 3415 parallelam
512 3324 581 3395 IH.
644 3322 828 3396 Quoniam
862 3346 949 3394 vero
989 3322 1206 3418 supponitur

166 3431 325 3504 medinm
344 3435 412 3508 sub
437 3436 547 3531 plano
564 3437 629 3509 ΕΙ)
648 3435 763 3508 rarius
780 3459 887 3530 quam
904 3434 1002 3531 qnod
1027 3459 1148 3530 supra,
1166 3447 1205 3507 et

165 3548 361 3641 propagari
388 3559 529 3620 motum
557 3549 697 3621 facilius
724 3548 761 3618 in
779 3571 861 3619 raro
879 3571 986 3644 qnam
1013 3548 1050 3619 in
1069 3547 1203 3620 denso:

166 3667 255 3730 tnnc
273 3659 422 3753 qnando
446 3660 552 3734 lineae
576 3661 668 3733 lucis
691 3660 868 3733 terminus
886 3661 920 3732 A
937 3672 993 3733 est
1010 3661 1048 3732 in
1066 3662 1108 3751 Ε,
1134 3661 1205 3733 erit

166 3769 259 3842 alter
277 3774 454 3846 terminus
474 3774 504 3846 B
522 3775 620 3846 ultra
642 3776 691 3863 H,
709 3785 801 3869 puta
826 3775 863 3846 in
891 3774 932 3860 L,
950 3775 1140 3847 immersus
1165 3774 1205 3847 in

166 3883 326 3956 medium
345 3909 467 3958 rarum
487 3899 625 3981 quanta
648 3899 704 3958 est
732 3885 906 3960 distantia
932 3888 1083 3959 minima
1109 3888 1206 3960 inter

164 4010 303 4069 rectam
331 4000 396 4070 ΕΙ)
415 4010 452 4071 et
478 4000 546 4072 sibi
571 3999 782 4095 parallelam
801 3999 874 4088 GL,
892 3999 963 4071 hoc
989 4011 1042 4071 est
1059 4000 1204 4095 quanti·

164 4123 240 4183 tate
257 4110 361 4183 lineae
380 4113 464 4184 LM.
516 4112 636 4185 Dncta
659 4113 772 4207 igitur
790 4125 891 4185 recta
910 4137 931 4184 a
948 4124 1086 4209 puncto
1110 4115 1139 4185 E
1157 4112 1205 4185 ad

164 4236 303 4297 rectam
323 4225 401 4313 GL,
420 4224 547 4298 eadem
576 4225 804 4321 longitudine
824 4249 896 4321 qna
913 4237 969 4298 est
992 4226 1088 4299 linea
1114 4226 1205 4300 lueis

165 4335 230 4410 AB
250 4338 308 4410 vel
335 4339 412 4428 CD,
431 4363 512 4435 qnae
536 4340 584 4413 sit
605 4340 676 4428 EF,
701 4340 771 4413 erit
796 4341 873 4435 jam
900 4340 960 4411 EF
988 4340 1085 4413 linea
1113 4340 1205 4414 lucis
