2932 5054
529 419 861 472 accassrasrlcil.

172 580 258 645 Nam
274 604 347 646 cum
362 580 565 669 naufragium
581 606 672 669 passa
686 594 735 649 est
746 583 892 649 Romana
907 597 1047 670 potestas

215 681 272 744 Ad
287 681 432 767 scopulos
447 694 581 760 nostros,
592 685 731 768 juraque
746 684 937 768 perdiderat,

171 779 310 845 Evascrc
325 790 431 846 tamen
447 782 580 867 praelati,
592 793 626 847 et
640 782 799 868 fragmina
813 806 914 869 pauca

214 879 358 964 Antiqui
367 881 450 965 juris
466 881 552 946 salva
567 882 669 947 tulere
684 881 743 946 sui.

174 978 245 1043 Hoc
259 978 383 1042 lucrum
399 979 544 1062 quamvis
559 1003 625 1046 non
639 1001 792 1066 magnum
808 984 976 1069 presbyter
991 984 1054 1050 illis

215 1076 354 1151 Invidet,
370 1088 404 1142 et
420 1088 542 1162 partem
557 1079 674 1144 clamat
689 1078 805 1145 habere
820 1103 921 1146 suam.

171 1176 324 1261 Dumque
339 1176 386 1240 illi
400 1177 483 1242 bello
498 1188 623 1242 certant
637 1179 677 1242 de
692 1179 867 1265 relligione,

213 1274 237 1337 J
239 1296 277 1338 us
292 1273 383 1360 regni
398 1275 535 1360 populus
550 1286 652 1341 certat
666 1276 782 1341 habere
798 1277 868 1343 sibi.

171 1372 248 1438 Non
263 1374 380 1438 eratin
395 1374 490 1460 culpa
503 1375 604 1440 divini
616 1375 711 1441 lectio
728 1376 828 1454 Libri,

213 1471 285 1538 Nec
300 1496 436 1538 vacuum
452 1485 501 1538 est
516 1475 634 1561 populo
649 1475 732 1540 ruris
747 1477 856 1542 adesse
870 1476 970 1543 libris.
1132 1485 1215 1545 1580

172 1570 235 1638 Sed
251 1572 344 1638 redeo
358 1573 515 1638 Romam:
540 1597 613 1659 quae
627 1575 673 1639 nil
688 1575 748 1639 nisi
763 1575 883 1662 grande
894 1576 1096 1663 sepulchrum
1112 1590 1171 1659 est,

213 1670 259 1736 Et
273 1670 364 1758 Papa
377 1672 417 1737 ad
432 1674 592 1738 tumulum
609 1673 745 1741 Caesaris
760 1676 875 1740 umbra
889 1674 1021 1754 minaxl,

170 1771 323 1857 Regnans
337 1773 371 1836 in
387 1775 527 1839 tenebris
542 1798 621 1859 quas
635 1774 765 1852 fecerat,
781 1786 815 1841 et
829 1775 908 1840 facit
922 1775 999 1863 ipse,

213 1873 462 1959 Verborumque
477 1876 557 1940 dolis
572 1876 660 1962 regia
670 1877 745 1961 jura
759 1887 880 1963 petens.

171 1973 299 2038 Nicenac
318 1972 441 2060 Synodi
457 1974 609 2040 Patribus
624 1988 823 2042 concesserat
837 1977 914 2042 olim
1010 1978 1013 1983 ’

213 2073 285 2138 Rex
301 2073 544 2152 Constantinus,
560 2076 615 2140 sed
630 2075 766 2140 nimium
781 2087 911 2153 temere,

171 2172 219 2238 Ne
235 2172 327 2238 Fidei
343 2173 416 2239 lites
430 2174 492 2240 alio
507 2176 566 2239 sub
578 2174 687 2260 judice
697 2175 795 2240 finem

214 2272 407 2357 Acciperent
421 2286 536 2358 praeter
550 2273 715 2358 spirituale
730 2274 847 2339 forum.

170 2369 235 2434 Pro
250 2393 293 2447 se,
309 2371 451 2454 dumque
466 2383 664 2437 mererentur
679 2383 878 2438 concesserat
891 2373 961 2439 illc:

214 2468 261 2532 Hi
275 2492 399 2555 semper
413 2481 559 2554 poscunt,
576 2481 609 2535 et
624 2470 716 2554 quasi
726 2472 799 2556 jure
815 2494 881 2535 suo.
1133 2476 1214 2535 1590

170 2567 221 2633 De
235 2568 338 2634 causis
353 2568 447 2634 Fidei
462 2580 587 2634 tantum
604 2581 801 2635 concesserat
815 2569 889 2634 ille:

213 2668 272 2732 lsti
288 2668 431 2754 personis
446 2668 627 2754 applicuere
642 2669 717 2733 suis.

169 2765 276 2831 Desiit
290 2788 330 2831 ex
346 2766 400 2832 illo
410 2768 478 2852 jam
493 2766 589 2851 longo
610 2778 753 2852 tempore
768 2766 872 2830 clerus

212 2865 240 2929 F
242 2865 398 2929 ormidare
412 2865 515 2929 minas
530 2865 675 2942 Caesaris,
693 2876 790 2948 atque
806 2865 933 2929 sorum:

169 2963 204 3027 N
205 2988 241 3030 eo
256 2965 295 3029 dc
311 2964 497 3029 criminibus
513 2964 581 3029 vult
597 2966 787 3050 respondere
802 2975 934 3030 vocatus

212 3064 326 3128 (loram
342 3063 427 3128 civili
438 3063 546 3145 judice
561 3063 738 3129 clericulus.

169 3161 266 3228 Cur?
311 3160 398 3244 Quia
412 3161 534 3226 Paulus
548 3162 602 3237 ait,
620 3171 641 3199 “
652 3162 770 3226 Nonne
785 3161 870 3225 inter
886 3169 1009 3225 vosmet
1023 3159 1149 3225 habetis

212 3270 232 3298 ‘⁶
250 3259 380 3327 Solvere
396 3261 452 3344 qui
459 3262 547 3345 juste
557 3261 666 3347 jurgia
681 3273 786 3325 vestra
800 3259 880 3324 sciat
887 3259 919 3322 ‘l”

169 3363 232 3425 Sec.
259 3358 342 3441 Qum
358 3360 448 3425 Deus
464 3360 597 3424 indulsit
612 3360 732 3426 crudeli
743 3362 818 3444 jura
832 3360 891 3423 sub
907 3357 1007 3435 hoste,

210 3458 246 3522 N
247 3482 289 3523 on
304 3459 414 3524 eadem
431 3458 557 3524 Sanctis
572 3482 696 3544 semper
709 3458 854 3522 habenda
867 3457 965 3522 dedit
1132 3461 1214 3520 1600

169 3557 290 3623 Vivere
307 3557 361 3621 vix
376 3557 477 3623 licuit
523 3557 635 3622 Licuit
646 3559 700 3642 jus
715 3557 842 3621 dicere?
888 3555 1015 3632 Sancte,

211 3656 245 3720 N
248 3679 310 3721 uno
325 3678 464 3740 quoque,
476 3656 503 3720 si
519 3656 673 3741 placeant,
689 3656 796 3740 accipe
811 3666 984 3739 utrumque
1000 3651 1105 3718 simul.

168 3757 227 3819 Pr.
255 3755 289 3820 Si
305 3755 368 3830 sur,
383 3755 410 3818 si
425 3754 517 3831 latro,
534 3754 560 3819 si
576 3753 717 3818 moechus
731 3753 864 3819 clericus
879 3765 972 3829 esset,

210 3855 339 3941 Regum
350 3853 480 3939 judiciis
496 3853 678 3939 eripiendus
693 3863 770 3918 erat

170 3954 265 4032 Sique
280 3977 374 4018 suum
390 3952 513 4039 Regem
524 3952 705 4039 jugulasset
719 3951 862 4038 proditor
876 3950 992 4036 ipsum,

212 4055 282 4117 Aut
297 4052 496 4137 compilasset
511 4053 643 4117 delubra
657 4063 766 4116 sancta
785 4050 865 4114 Dei:

168 4151 262 4216 'l‘uuc
278 4152 502 4217 moderabatur
516 4173 627 4235 poenas
643 4149 788 4214 Ecclesia
797 4148 909 4233 judex,

159 4291 437 4301 ψ*-
459 4290 521 4297 --
535 4289 679 4297 --.-.-....-
698 4276 1204 4296 ———————-—--——b-

408 4350 412 4375 ¹
428 4351 509 4422 [Vide
525 4352 696 4415 lautum,
708 4349 825 4418 lugneo,
838 4346 971 4417 polim]
