2932 5054
323 415 368 466 ιΝ
390 414 612 467 mansuum
634 413 926 467 nannrsrrcarr.
1082 397 1155 463 315

111 580 158 654 de
174 586 332 678 papyro,¹
342 581 426 655 nive
440 593 524 668 etc„
543 580 689 655 dicitur.
727 581 897 678 Cumque
915 579 1017 653 nulla
1033 579 1082 654 sit
1097 602 1157 653 res

112 719 192 790 quae
208 695 318 767 rebus
344 694 425 767 aliis
446 695 485 767 in
503 694 625 792 aliquo
643 694 782 768 nonsit
805 693 945 781 similis,
963 693 1157 766 innumera

109 807 263 880 nomina
278 828 338 879 res
355 808 539 903 quaepiam
556 807 684 880 habet:
704 805 757 880 ita
774 807 872 880 enim
890 806 1002 880 homo
1020 830 1157 880 nomen

110 920 210 994 istud
226 917 379 992 hominis
397 942 591 993 commune
608 919 722 993 babet
735 943 820 993 cum
837 919 918 993 aliis
934 918 1156 1011 bominibus,

110 1031 244 1107 deinde
255 1032 382 1129 patris,
396 1033 572 1130 corporis,
583 1033 750 1107 animalis
763 1045 833 1108 etc.
867 1032 1157 1108 Nominiautem

109 1145 268 1243 positivo
286 1144 317 1218 si
340 1145 560 1242 particulam
585 1144 797 1242 negativam
818 1145 982 1241 adjicias,
1000 1148 1044 1221 fit
1065 1159 1158 1222 nota
1200 1156 1204 1161 '

110 1258 418 1332 dissimilitudinis
445 1282 510 1332 seu
528 1256 767 1332 diversitatis:
794 1258 1003 1357 diciturque
1020 1283 1157 1335 nomen

110 1372 311 1461 infinitum,
327 1385 371 1445 ut
387 1371 598 1460 non-homo,
614 1371 840 1445 nou-album.

161 1485 202 1557 Si
218 1484 293 1559 duo
310 1483 460 1557 nomina
473 1483 693 1581 copulentur
705 1484 947 1581 perverbum,
960 1485 1004 1560 fit
1019 1509 1157 1583 propo-

110 1596 207 1687 sitio,
223 1621 297 1695 qua
305 1597 473 1671 volumus
487 1621 726 1693 consequens,
737 1620 803 1671 seu
816 1621 952 1671 nomen
961 1598 1156 1695 posterius,

111 1711 230 1785 eidem
241 1711 295 1785 rei
306 1711 505 1785 convenire
515 1711 575 1785 cui
586 1709 809 1785 antecedens
821 1711 898 1785 sive
908 1710 1009 1808 prius
1020 1734 1158 1786 nomen

111 1824 301 1922 competit.
354 1824 407 1900 Ut
424 1848 509 1899 cum
525 1823 682 1898 dicimus
699 1825 887 1899 hominem
910 1847 990 1899 esse
1007 1824 1156 1914 animal,

110 1937 361 2035 significamus
377 1961 514 2012 nomen
526 1938 695 2012 animalis
709 1950 749 2012 et
765 1938 924 2013 hominis
937 1937 1056 2012 eidem
1068 1961 1157 2011 con·

110 2050 249 2137 venire,
277 2063 316 2125 et
337 2074 417 2125 rem
441 2075 523 2148 quae
548 2062 703 2127 vocatur
728 2052 839 2126 homo
862 2051 989 2126 vocari
1010 2073 1157 2148 quoque

111 2164 263 2239 animal:
281 2176 394 2261 atque
407 2163 500 2237 adeo
511 2165 801 2262 propositionem
811 2164 912 2239 illam
926 2186 1006 2238 esse
1018 2186 1158 2251 veram,

113 2301 198 2351 cnm
215 2278 350 2352 veritos
377 2290 415 2351 et
439 2278 582 2352 falsitas
608 2278 706 2352 idem
731 2301 811 2353 esse
837 2277 1034 2352 videantur
1056 2277 1158 2374 quod

111 2414 200 2464 vera
217 2401 256 2465 et
271 2391 364 2465 falsa
380 2392 598 2487 propositio.

163 2504 323 2577 Rursum
353 2528 400 2577 ex
428 2504 570 2578 duabus
596 2502 909 2600 propositionibus
936 2503 1088 2600 junctis,
1115 2503 1156 2579 in

112 2617 246 2715 quibus
267 2641 382 2690 unum
408 2641 544 2690 nomen
566 2639 773 2706 commune,
794 2615 966 2713 idemque
991 2615 1154 2691 medium

112 2733 287 2807 statuitur
305 2733 402 2806 inter
418 2756 494 2805 non
511 2733 733 2818 communia,
751 2731 795 2804 fit
817 2729 1156 2831 syllogismussive

112 2845 282 2920 collectio
310 2869 461 2919 summae
488 2869 532 2918 ex
554 2845 743 2918 ambabus.
796 2843 849 2917 Ut
875 2867 960 2917 cum
985 2842 1154 2930 dicimus,

112 2958 217 3032 bomo
247 2967 304 3030 est
330 2957 483 3046 animal,
513 2957 655 3031 animal
682 2966 740 3030 est
770 2979 917 3054 corpus,
948 2954 1154 3050 colligimus

112 3071 299 3145 bominem
317 3094 396 3145 esse
413 3093 563 3167 corpus:
581 3070 653 3144 hoc
671 3070 883 3167 syllogismo
900 3080 1071 3141 notamus
1088 3090 1156 3141 no-

112 3209 198 3258 men
232 3185 382 3259 tertium
416 3207 565 3283 corpus,
599 3184 769 3258 omnibns
803 3183 912 3257 rebus
946 3182 1154 3271 convenire,

114 3298 247 3395 quibus
260 3299 419 3394 primum
432 3322 568 3372 nomen
581 3297 685 3370 homo
698 3296 893 3392 competit:
915 3295 1156 3391 similiterque

113 3412 314 3487 secundum
348 3411 491 3486 animal
522 3412 652 3485 iisdem
688 3411 797 3485 rebus
831 3410 963 3506 quibus
996 3408 1157 3505 primum

113 3527 229 3614 horno,
248 3537 284 3599 et
310 3525 462 3599 tertium
488 3549 624 3623 corpus
650 3523 780 3596 iisdem
799 3523 930 3618 quibus
954 3521 1157 3595 secundum

112 3638 263 3711 animal.
314 3640 363 3711 Et
379 3638 560 3734 siquidem
583 3638 819 3724 conveniunt,
838 3635 973 3709 dicitur
989 3632 1157 3731 syllogis-

113 3777 194 3825 mus
213 3776 332 3838 verus,
350 3751 735 3847 aliasparalogismus.

164 3866 217 3936 Ex
236 3865 382 3937 illorum
400 3877 524 3936 autem
543 3862 733 3935 nominum
759 3860 985 3949 inventione,
1009 3871 1045 3933 et
1071 3880 1157 3955 pro-

112 3977 355 4074 positionibus
395 3976 625 4072 syllogismos
659 3973 978 4071 componentibus,
1019 3971 1158 4068 pendet

114 4090 226 4162 animi
244 4113 437 4186 processus
455 4102 628 4161 constans
647 4112 691 4160 ex
708 4086 910 4160 innumeris
933 4082 1157 4180 imaginandi

114 4205 255 4277 actibus
273 4205 371 4276 circa
395 4227 451 4276 res
468 4202 682 4298 singulares,
702 4201 765 4296 qui
789 4201 836 4273 od
860 4200 995 4295 linguae
1017 4197 1157 4269 discur-
