2932 5054
424 441 510 495 nux
530 440 847 495 unrnnunrrcs.
1087 422 1156 500 137

164 606 349 695 Similiter,
373 608 404 680 si
431 620 597 681 sumatur
621 608 797 705 Bstertia
822 628 908 702 pars
931 604 1006 693 BG,
1023 603 1063 677 id
1084 613 1155 692 est,
1169 622 1371 668 conmoran-

112 748 198 820 pars
225 748 323 798 nona
350 749 458 798 arcus
483 727 561 812 BD,
579 737 618 798 et
634 728 676 796 a&
692 726 741 798 sit
769 748 875 797 arcus
892 721 1156 820 quadrantalis,
1196 705 1342 812 Q

112 852 222 912 erunt
246 862 355 911 arcus
373 841 415 910 a&
431 852 470 912 et
494 839 553 935 Bf
560 839 731 935 aequales,
750 851 787 912 et
803 839 871 927 At,
890 835 939 934 bs
958 834 1155 932 parallelae,

112 962 150 1023 et
168 952 206 1023 in
223 953 366 1025 ratione
384 952 455 1025 NA
471 953 520 1026 ad
537 954 572 1025 N
575 952 607 1025 b.
661 953 791 1050 ltaque
810 952 923 1026 ducta
940 950 999 1023 Ns
1015 961 1054 1022 et
1070 970 1157 1043 pro-

111 1063 225 1137 ducta
247 1065 419 1137 transibit
439 1089 507 1162 per
519 1066 564 1162 s.
616 1066 746 1162 ltaque
770 1065 952 1161 producta
970 1061 1022 1159 bf,
1040 1074 1084 1134 ut
1107 1060 1158 1132 sit

112 1176 169 1247 sui
193 1176 315 1272 tripla,
336 1176 596 1250 terminabitur
620 1179 659 1250 in
681 1178 759 1274 Nq:
785 1191 824 1250 et
846 1174 975 1248 eadem
998 1172 1048 1271 bf
1062 1198 1158 1247 non-

112 1289 261 1384 cuplata
277 1290 536 1363 terminabitur
551 1291 600 1364 ad
613 1291 680 1364 NL
696 1292 734 1363 in
751 1316 784 1377 c,
798 1303 835 1363 et
853 1289 903 1362 ab
914 1288 1159 1384 sextuplicata

112 1403 371 1475 terminabitur
387 1404 426 1476 in
444 1405 572 1479 eadem
586 1404 655 1478 NL
671 1402 718 1476 ad
736 1406 774 1478 d.

163 1515 303 1603 Tertio,
324 1516 356 1588 si
379 1529 545 1590 sumatur
563 1518 610 1590 Bi
637 1517 719 1590 dnae
748 1517 869 1590 tertiae
895 1538 1003 1589 arcus
1028 1515 1103 1605 BG,
1120 1525 1160 1588 et

115 1641 218 1700 recta
235 1628 306 1700 AX
325 1627 408 1702 duae
424 1629 543 1702 tertiae
561 1630 637 1718 AT,
655 1642 695 1702 et
711 1632 811 1702 sinus
828 1631 907 1726 ejus
918 1628 977 1727 pi,
996 1641 1035 1701 et
1052 1651 1160 1703 arcus

115 1742 185 1814 VX
200 1742 249 1814 sit
264 1741 538 1837 quadrantalis:
564 1744 635 1816 erit
651 1756 694 1816 ut
716 1743 788 1816 NA
805 1742 853 1816 ad
871 1743 934 1841 Np
947 1742 1000 1816 ita
1018 1742 1087 1816 Ax
1112 1739 1161 1815 ati

109 1853 167 1952 pi.
213 1854 333 1927 Ducta
348 1879 435 1951 ergo
454 1856 541 1945 NX,
560 1868 599 1929 et
615 1856 807 1952 producta,
821 1855 992 1931 transibit
1008 1879 1074 1952 per
1091 1854 1117 1928 i.

166 1967 307 2042 Eodem
324 1969 434 2042 modo
453 1970 598 2043 ostendi
615 1982 736 2068 potest
753 1982 893 2045 rectam
909 1970 956 2043 ab
970 1969 1019 2058 N,
1037 1991 1163 2042 secan·

117 2095 194 2155 tem
225 2106 480 2178 quamcunque
506 2095 650 2180 partem
679 2097 791 2160 rectae
808 2085 885 2173 AT,
902 2093 994 2181 puta
1010 2083 1077 2171 Ar,
1100 2081 1164 2154 ab·

116 2194 287 2268 scindere
310 2196 357 2269 ab
382 2219 471 2269 arcu
495 2197 560 2271 BG
582 2218 709 2271 arcum
736 2198 914 2293 aequalem
943 2196 1045 2270 arcui
1073 2217 1163 2290 qua-

117 2308 279 2381 drantali
305 2308 489 2406 descripto
516 2311 563 2383 ab
590 2312 669 2406 ipsa
692 2313 755 2383 Ar.
806 2311 943 2384 Juncta
969 2310 1067 2383 enim
1097 2307 1166 2382 NF

119 2434 268 2495 secante
286 2423 351 2495 AT
366 2423 405 2495 iu
422 2447 445 2495 r
461 2434 500 2495 et
516 2448 641 2496 arcum
661 2424 724 2497 BG
738 2424 775 2497 in
788 2447 820 2513 a,
835 2447 918 2497 cum
932 2423 1015 2512 AX,
1030 2422 1077 2496 Bi
1089 2422 1165 2495 sint

119 2537 157 2607 in
176 2534 321 2607 ratione
340 2534 406 2605 AB
429 2533 477 2607 ad
501 2535 579 2624 BD,
599 2535 830 2608 manifestum
858 2548 914 2607 est
941 2546 1064 2631 partes
1091 2533 1164 2624 Xr,

120 2647 190 2719 BT
218 2646 510 2743 proportionales
537 2671 614 2720 esse
641 2648 806 2744 partibus
824 2648 869 2737 ia,
895 2648 966 2721 sG:
993 2659 1031 2722 et
1053 2672 1164 2744 prop-

120 2774 236 2848 terea,
267 2782 374 2833 arcus
404 2759 662 2856 quadrantales
690 2759 893 2856 descriptos
918 2763 964 2834 ab
981 2762 1041 2835 Xr
1058 2775 1097 2834 et
1113 2763 1166 2836 ΥΤ

121 2871 282 2970 aequales
300 2896 377 2946 esse
391 2875 549 2947 arcubus
567 2874 612 2963 is,
628 2874 685 2948 iG.

175 2984 316 3059 Coroll.
344 2985 502 3060 Constat
516 2987 603 3060 hinc
620 3000 740 3059 rectas
758 2987 888 3060 ductas
900 2988 946 3060 ab
961 2988 997 3061 N
1010 2986 1058 3059 nd
1071 2987 1167 3059 lutus

122 3101 187 3175 Bc
200 3099 415 3175 abscindere
431 3112 555 3198 partes
575 3101 646 3189 BP,
662 3101 742 3190 BQ,
759 3101 830 3187 BF,
845 3102 906 3200 Bg
918 3102 1083 3197 partibus
1100 3100 1166 3189 At,

122 3214 199 3302 AZ,
210 3213 295 3303 AX,
306 3215 372 3303 Ar,
386 3215 453 3288 Ar
467 3214 781 3311 proportionales:
808 3215 1028 3312 easdemque
1055 3213 1170 3312 parti·

120 3328 193 3401 bus
211 3329 473 3425 cujuscumque
491 3328 674 3427 parallelae
691 3328 906 3426 interceptis
924 3330 1023 3404 inter
1039 3329 1109 3402 NB
1129 3337 1169 3401 et

123 3441 196 3538 Nq,
215 3453 259 3514 ut
274 3440 320 3534 ll,
338 3441 397 3536 lm,
412 3466 483 3535 mn,
500 3465 557 3533 ns,
575 3465 654 3516 esse
671 3443 977 3539 proportionales.

490 3751 740 3803 PROPOSITIO
761 3752 808 3803 11.

316 3918 436 3992 Recta
455 3918 518 3991 BL
534 3927 593 3992 eat
609 3917 768 4017 (equalis
783 3919 889 3991 arcui
908 3918 984 3990 BD.

178 4096 302 4203 Major
318 4096 417 4168 enim
434 4107 491 4168 est
507 4107 610 4167 recta
627 4095 690 4168 BL
706 4118 817 4191 quam
835 4093 909 4182 IM,
924 4092 962 4165 id
980 4104 1049 4182 est,
1063 4117 1173 4190 quarn

127 4226 205 4283 tres
216 4212 318 4281 sinus
328 4208 520 4281 arcusBG.
547 4208 670 4303 Major
680 4208 770 4280 item
781 4221 837 4279 est
847 4206 975 4279 eadem
989 4207 1051 4279 BL
1061 4232 1173 4303 quam

126 4348 192 4396 sex
210 4323 310 4396 sinus
328 4345 434 4395 arcus
453 4321 519 4405 Bb,
538 4320 576 4393 id
595 4333 662 4408 est,
677 4344 786 4415 quam
806 4319 868 4392 acl.
921 4319 1043 4415 Major
1061 4320 1173 4394 etiam
