2932 5054
323 407 378 458 au
399 404 591 457 caurnsn
611 403 941 457 mansuariorum.
1075 384 1150 452 259

110 582 273 647 mentem
290 594 370 645 esse
387 583 541 660 motum,
558 582 683 667 posset
709 571 820 644 etiam
841 568 1061 644 concludere
1077 577 1148 640 ter·
1192 593 1338 636 ommno

111 710 190 759 ram
207 708 285 759 esse
302 684 448 774 coelum,
466 684 524 757 vel
542 683 721 780 quidquid
745 683 845 757 aliud
871 683 941 757 sibi
956 680 1146 780 placuerit.
1188 675 1332 780 L

501 986 702 1038 ostuc'mo
725 987 764 1037 V.

318 1136 374 1188 An
395 1136 723 1189 mnnrrnrlounm
742 1134 941 1187 neutram.

543 1252 604 1324 Dc
627 1250 719 1323 Deo.

114 1388 293 1476 Qaaedam
320 1412 367 1461 ea
397 1388 468 1477 tis,
496 1389 637 1462 scilicet
665 1390 947 1486 cogitationibus
969 1390 1150 1476 humanis,

161 1511 335 1599 tanquam
353 1525 477 1575 rerum
495 1501 678 1600 imagines
696 1511 791 1593 eunt,
832 1501 939 1575 uibus
952 1502 1046 1575 solie
1056 1526 1151 1601 pro-

156 1616 250 1714 prie
267 1614 428 1687 convenit
444 1613 539 1687 idea
555 1637 701 1687 nomen:
727 1623 768 1687 at
788 1638 867 1687 cum
883 1614 1072 1704 hominem,
1095 1614 1154 1688 vel

163 1726 385 1817 chimeram,
411 1725 471 1800 vel
493 1724 635 1817 coelum,
662 1725 724 1800 cel
744 1725 928 1827 angelum,
953 1724 1012 1800 vel
1032 1727 1153 1800 Deum

162 1840 300 1940 cogito.

163 1977 255 2051 Cum
272 1977 446 2050 bominem
463 1980 598 2075 cogito,
616 2001 775 2074 agnosco
792 1977 912 2052 ideam
929 1979 1005 2053 sive
1023 1977 1153 2074 imagi-

111 2113 196 2163 nem
214 2091 450 2164 constitutam
463 2115 507 2164 ex
521 2093 639 2187 figura
657 2102 694 2165 et
711 2091 846 2181 colore,
859 2092 905 2165 de
918 2115 990 2190 qua
1005 2115 1154 2188 possum

112 2204 280 2278 dubitare
298 2204 411 2277 ausit
431 2205 589 2278 hominis
613 2204 811 2278 similitudo
828 2205 886 2279 vel
903 2229 991 2279 non.
1045 2204 1154 2278 Simi-

112 2316 208 2406 liter,
227 2342 311 2391 cum
339 2318 462 2415 cogito
479 2317 618 2391 coelam.
671 2318 764 2391 Cum
787 2318 998 2392 chimeram
1016 2317 1152 2415 cogito,

112 2448 273 2527 agnosco
290 2431 411 2504 ideam
424 2431 499 2504 sive
513 2431 721 2527 imaginem,
737 2431 782 2503 de
796 2455 868 2527 qua
884 2454 1032 2527 possum
1046 2430 1154 2504 dubi-

112 2556 192 2617 tare
214 2567 263 2616 an
286 2543 333 2616 sit
357 2542 556 2616 similitudo
582 2543 735 2638 alicujus
758 2543 936 2632 animalis,
955 2568 1030 2618 non
1057 2544 1154 2616 exis-

113 2657 237 2746 tentis,
263 2655 329 2729 sed
349 2655 448 2753 quod
474 2656 631 2728 existere
657 2656 774 2751 possit
796 2657 855 2729 vel
886 2657 1051 2729 extiterit
1078 2656 1150 2729 alio

114 2782 292 2865 tempore,
309 2769 367 2842 vel
385 2792 471 2841 non.

165 2882 346 2955 Caeterum
378 2881 558 2977 cogitanti
584 2879 756 2979 angelum
787 2880 1001 2954 observatur
1029 2881 1152 2955 animo

114 2993 309 3091 aliquando
333 2994 455 3090 imago
471 2995 640 3078 flammae,
658 2992 854 3088 aliquando
872 2994 977 3089 pueri
1002 2992 1154 3066 formosi

114 3108 213 3197 alati,
228 3108 358 3205 deque
374 3120 496 3180 certus
508 3107 599 3180 mihi
612 3106 737 3178 videor
751 3130 829 3179 esse
842 3106 941 3203 quod
952 3129 1028 3179 non
1042 3105 1154 3179 habet

115 3219 388 3294 similitudinem
414 3219 546 3316 angeli,
564 3243 682 3315 neque
708 3243 796 3315 ergo
822 3242 899 3292 esse
926 3243 1006 3292 eam
1032 3219 1154 3315 angeli

114 3333 260 3407 ideam:
294 3332 358 3406 sed
392 3332 544 3405 credens
574 3356 652 3405 esse
683 3343 868 3406 creaturas
897 3332 1036 3430 aliquas
1071 3330 1152 3405 Deo

115 3447 374 3534 ministrantes,
385 3445 595 3533 invisibiles,
607 3455 643 3517 et
657 3445 925 3534 immateriales,
937 3446 990 3518 rei
1004 3445 1154 3518 creditae

115 3559 174 3632 vel
201 3558 396 3655 suppositae
424 3581 559 3631 nomen
590 3557 832 3653 imponimus*
859 3557 1153 3656 angelomum

114 3686 237 3745 tamen
256 3672 338 3744 idea
355 3673 422 3744 sub
440 3696 512 3768 qua
537 3671 707 3766 angelum
729 3671 921 3767 imaginor,
940 3671 988 3744 sit
1005 3695 1155 3767 compo-

115 3785 187 3859 sita
203 3810 248 3858 ex
266 3784 356 3858 ideis
374 3808 497 3857 rerum
514 3784 721 3858 visibilium.

164 3896 302 3970 Eodem
316 3898 425 3970 modo
439 3898 634 3971 adnomen
644 3897 894 3971 venerandum
911 3896 997 3986 Dei,
1015 3896 1154 3970 nullam

115 4010 186 4084 Dei
204 4012 379 4085 habemus
397 4012 593 4109 imaginem
609 4012 684 4085 sive
699 4011 836 4085 ideam:
856 4011 1012 4108 ideoque
1029 4009 1154 4108 prohi-

110 4181 1159 4210 ——d

585 4309 603 4343 ὓ
627 4297 684 4358 Sic.

988 4413 1006 4463 s
1021 4412 1036 4454 2
