2918 5054
384 433 569 494 antenor
588 435 859 489 nnounrrucn
878 435 966 488 nro.
1121 423 1193 491 203

159 597 371 694 acquiescit.
422 601 496 675 Sed
522 602 729 700 philosophi
745 615 887 677 veteres
911 599 1097 699 perpetuis
1121 601 1193 674 dis-
1240 632 1307 673 cm.
1320 633 1363 673 ιι.

159 713 411 808 putationibus
444 715 626 801 innutriti,
660 718 803 812 quoties
840 717 887 790 de
921 714 1193 812 comparatione
1205 699 1379 804 fflffi

159 837 324 900 motuum
352 840 391 900 et
416 828 711 925 magnitudinum
736 829 1039 916 contendebatur,
1065 825 1270 923 figariola*

158 938 372 1035 plerumque
390 940 584 1038 descriptis
606 954 717 1038 atque
746 955 832 1016 ante
853 941 980 1015 oculos
997 939 1196 1037 discipulo·

158 1075 240 1124 rum
261 1076 412 1127 suorum
437 1055 575 1151 positis,
602 1055 647 1128 ab
677 1053 749 1128 illis
772 1055 875 1150 qnasi
900 1054 1065 1144 ostensis,
1082 1054 1121 1127 id
1136 1067 1196 1130 est

156 1164 295 1260 aliquid
318 1166 473 1263 amplius
499 1180 543 1240 ut
567 1166 748 1263 putabant
766 1190 876 1263 quam
892 1166 1068 1262 probatis,
1085 1191 1195 1264 argu-

155 1289 281 1351 menta
306 1301 373 1352 sua
399 1278 633 1375 appellabant
661 1291 822 1367 ἀποδείξεις,
848 1278 887 1352 id
904 1278 1034 1352 Latine
1056 1292 1114 1354 est
1130 1279 1195 1353 de-

156 1390 451 1465 monstrationes.
502 1392 612 1465 Nunc
635 1403 758 1465 autem
775 1393 1036 1489 unusquisqne,
1052 1393 1195 1488 quoties

155 1503 265 1599 paulo
281 1503 533 1580 vehementius
549 1502 688 1601 aliquid
712 1505 853 1593 asserit,
870 1505 1140 1582 demonstrasse
1156 1529 1195 1581 se

155 1617 325 1693 affirmat.

205 1731 478 1805 Demonstratio
510 1742 633 1804 autem
667 1742 735 1819 est,
770 1728 915 1828 quando
948 1729 1195 1808 conclusionis

155 1844 290 1918 veritas
314 1844 556 1918 fundamenta
571 1844 689 1940 primu
707 1844 819 1918 habet
843 1843 970 1917 inillis
988 1844 1097 1919 rebus
1113 1865 1195 1943 qnae

154 1968 243 2031 sunt
265 1959 343 2055 Jam
365 1969 452 2031 ante
482 1957 553 2030 illis
576 1957 735 2052 cognitae
761 1980 852 2054 quos
868 1956 1067 2052 alloquitur
1083 1957 1115 2030 is
1131 1960 1195 2055 qni

155 2071 298 2167 probat.
343 2071 435 2145 Haeo
452 2082 576 2144 autem
592 2069 832 2143 fundamenta
849 2081 936 2142 sunt
953 2069 1194 2164 definitiones,

155 2195 193 2256 et
221 2198 398 2279 praeterea
424 2183 626 2268 axiomata,
653 2205 736 2278 quae
766 2182 1017 2256 demonstrata
1046 2183 1195 2280 quidem

154 2320 230 2370 non
248 2309 344 2386 sunt,
355 2320 443 2370 vera
459 2307 581 2370 autem
592 2307 631 2369 et
645 2296 740 2369 bene
752 2296 940 2371 intellecta
952 2320 1032 2371 esse
1044 2297 1193 2373 debent.

155 2409 253 2484 Nam
281 2434 304 2483 a
333 2411 428 2484 veris
458 2409 550 2483 nihil
584 2408 712 2483 inferri
737 2422 861 2506 potest
885 2424 1019 2507 praeter
1043 2433 1193 2486 verum:

154 2546 272 2620 neque
301 2524 495 2620 quicquam
527 2522 624 2614 sciri,
660 2523 893 2620 quantumvis
921 2548 1061 2615 verum,
1095 2525 1194 2622 quod

153 2660 227 2711 nou
245 2637 293 2711 sit
310 2637 548 2711 intellectum.

204 2751 359 2839 Quamo,
377 2750 493 2846 qnaeri
509 2760 645 2846 potest,
670 2749 752 2846 quis
768 2749 1035 2840 definitionum,
1053 2750 1191 2848 etquis

153 2862 377 2937 adamatum
394 2863 442 2937 sit
454 2885 553 2936 usus.
592 2862 854 2936 Definitionum
872 2886 958 2936 rmus
975 2863 1191 2940 manifestus

151 2975 213 3049 hic
231 2987 298 3064 est,
315 2988 359 3049 ut
375 2975 407 3050 is
424 2976 484 3048 oui
506 2973 786 3065 demonstratur,
805 2975 1117 3052 demonstrantem
1134 2978 1192 3051 in·

153 3089 295 3186 telligat
309 3097 419 3186 quani
431 3088 532 3162 vocis
549 3087 710 3162 definitae
727 3089 1032 3185 significationem
1050 3101 1190 3164 cenam

152 3215 191 3276 et
208 3203 361 3277 eandem
377 3203 513 3299 ubique
531 3224 611 3276 esse
621 3202 721 3275 velit.
753 3203 979 3299 significatio
996 3204 1095 3277 enim
1107 3227 1191 3300 quae

148 3327 316 3389 mutatur
331 3316 438 3390 fallit.
477 3315 581 3389 Facit
595 3337 683 3410 ergo
701 3312 864 3389 definitio
877 3315 926 3389 od
942 3316 1191 3393 intellectum:

152 3430 239 3525 quia
263 3429 341 3503 sine
368 3429 560 3502 intellectu
589 3451 709 3524 neque
740 3428 1004 3504 demonstratio
1034 3430 1098 3505 illa
1123 3443 1191 3520 est,

151 3564 270 3637 neque
293 3543 331 3615 in
351 3565 395 3615 eo
419 3542 482 3640 qui
505 3540 599 3615 dixit
620 3540 696 3614 ulla
724 3542 768 3614 fit
794 3543 958 3633 seientia,
977 3543 1043 3616 sed
1064 3567 1192 3617 ueces-

152 3654 247 3743 sario
265 3654 349 3727 inde
377 3653 598 3729 introductae
615 3666 703 3729 sunt
720 3653 974 3728 distinctiones
991 3655 1191 3751 intempes-

151 3768 236 3841 tivae
253 3780 290 3841 et
310 3768 486 3855 obscurae,
499 3767 591 3840 adeo
610 3781 794 3840 uteorum
811 3791 890 3863 quae
908 3767 1081 3841 dicuntur
1098 3767 1190 3841 nihil

140 3881 285 3965 ,existat
317 3881 356 3953 in
384 3879 657 3977 imaginatione.
710 3879 805 3953 Sunt
838 3880 985 3975 quidem
1016 3880 1190 3952 veritates

151 4018 233 4091 quae
251 3994 336 4067 sciri
354 3993 401 4068 ab
418 3994 565 4067 homine
579 3993 728 4065 omnino
745 4017 820 4066 non
837 4002 1013 4089 possunt:
1042 3990 1188 4064 demon·

151 4117 304 4180 stratum
323 4119 446 4179 autem
458 4105 556 4202 quod
569 4105 616 4178 ab
630 4104 777 4179 homine
790 4106 945 4201 intelligi
963 4129 1037 4178 non
1054 4115 1187 4201 potest,

151 4219 241 4294 nihil
259 4232 326 4293 est.
1180 4285 1182 4287 ,

201 4333 434 4408 Axiomatum
455 4355 543 4407 usus
567 4342 633 4423 est,
651 4332 690 4408 in
717 4357 761 4407 eo
784 4331 883 4430 quod
906 4331 1187 4407 demonstratio-

1304 4604 1422 4722 Ι·
