2932 5054
328 427 374 479 nu
393 426 617 481 mansuum
636 427 931 483 nanmsmcsu.
1083 416 1150 482 311

113 593 345 669 successione
355 594 735 692 constet,imaginatio
746 594 1035 693 semperaliquid
1045 595 1159 670 habet

112 709 152 782 in
165 732 205 782 se
217 719 399 804 praesente
413 709 526 806 prius,
540 708 639 806 quod
650 709 714 782 ubi
731 709 798 783 sub
816 709 997 806 praeteriti
1013 709 1157 784 ratione

113 821 400 914 consideramus,
417 824 592 897 memoria
607 851 617 896 ε
634 823 729 897 sicut
746 823 961 919 imaginatio
978 823 1159 919 praeteriti

111 936 250 1033 absque
267 935 562 1014 consideratione
579 936 693 1032 ipsius
717 935 994 1032 phantasmatis,
1011 936 1085 1010 hoc
1101 946 1159 1011 est

111 1048 331 1145 imaginaria
353 1050 548 1135 successio,
566 1058 710 1147 tempas
736 1049 964 1146 appellatur:
995 1050 1088 1124 adeo
1115 1059 1159 1124 ut

110 1161 210 1236 idem
228 1163 343 1236 animi
365 1173 499 1253 motha,
517 1162 565 1235 ob
584 1174 741 1259 quatuor
768 1161 931 1237 diversos
956 1174 1157 1260 respectus,

112 1275 264 1349 nomina
281 1286 439 1372 quatuor
455 1275 613 1371 adeptus
629 1275 688 1348 sit.
724 1275 946 1371 Quanquam
962 1275 1158 1350 fatendum

112 1402 170 1463 est
194 1390 454 1486 phantasmata
476 1390 575 1463 iuter
603 1387 835 1462 sentiendum
862 1390 1018 1463 clariora
1046 1413 1158 1485 quam

111 1503 176 1577 ubi
187 1504 333 1599 objecta
343 1502 571 1592 abeunt*‚ob
582 1525 762 1575 novorum
773 1503 1001 1599 objectorum
1012 1527 1158 1577 succes-

111 1617 252 1690 sionem
269 1616 308 1689 in
325 1616 450 1690 omnia
467 1639 639 1689 sensuum
657 1638 808 1711 organa,
821 1639 904 1712 quae
917 1614 1067 1712 quidem
1080 1640 1157 1692 non

112 1731 308 1806 destruunt
334 1742 475 1803 motum
499 1728 784 1826 praecedentem,
802 1730 865 1826 qni
882 1739 1064 1802 vetustate
1081 1752 1158 1804 non

112 1843 311 1931 evanescit,
340 1841 406 1916 sed
434 1841 709 1938 comparatione
739 1842 856 1915 latet:
882 1851 925 1914 nt
953 1865 1000 1914 ex
1026 1864 1157 1916 somno

111 1965 227 2051 patet,
245 1955 284 2028 in
302 1979 375 2051 qno
398 1954 682 2050 imaginationes
704 1978 779 2028 non
803 1954 924 2028 minus
945 1955 1053 2027 clarae
1070 1967 1159 2029 sunt

112 2091 223 2164 quam
240 2068 280 2142 in
297 2069 377 2165 ipsa
393 2068 574 2155 sensione,
589 2067 688 2163 qnod
707 2078 796 2140 tnnc
813 2067 886 2141 alia
899 2067 1064 2141 sensoria
1081 2092 1157 2143 om·

111 2204 196 2255 nem
214 2181 357 2255 aditum
375 2180 528 2277 objectis
541 2178 780 2276 praeclndant.
833 2179 1002 2277 Cumque
1021 2179 1158 2255 dormi·

111 2293 254 2367 entium
270 2293 528 2390 phantasmata
548 2292 696 2365 initium
721 2292 919 2366 habuerint
935 2316 958 2367 a
975 2294 1157 2386 sensione,

112 2407 260 2502 sintque
279 2419 401 2480 motus
418 2407 528 2495 idem,
546 2406 721 2478 somnium
738 2406 810 2479 erit
826 2407 997 2504 quintum
1022 2430 1158 2483 nomen

112 2519 431 2616 imaginationum.

164 2633 306 2707 Rursus
322 2645 363 2706 ut
381 2633 420 2706 in
440 2632 577 2730 liquido
595 2632 705 2704 variis
729 2631 889 2704 motibus
907 2634 1056 2706 turbato
1073 2657 1159 2707 nas·

113 2746 212 2820 citur
229 2760 352 2819 motus
370 2769 415 2818 ex
429 2745 582 2818 diversis
597 2744 833 2841 compositus,
848 2745 902 2816 ita
919 2746 1101 2842 contingit
1118 2746 1157 2820 in

113 2859 314 2955 spiritibus,
333 2859 498 2944 cerebro,
522 2869 560 2931 et
585 2859 708 2948 corde,
727 2858 826 2931 unde
853 2857 959 2953 plura
985 2859 1158 2954 phantas·

114 2985 214 3044 mata
230 2972 269 3045 iu
283 2995 399 3045 unum
412 2983 563 3043 coeunt:
581 2983 623 3044 nt
637 2973 680 3043 fit
693 2971 731 3043 in
746 2969 1008 3066 imaginatione
1022 2971 1157 3044 montis

113 3085 229 3175 aurei,
247 3085 468 3158 etcentanri
485 3084 587 3156 velut
604 3108 649 3155 ex
667 3107 762 3178 equo
781 3093 818 3155 et
841 3082 989 3156 homine
1008 3106 1157 3180 compo-

113 3198 186 3272 siti.
224 3197 308 3272 Qua
319 3198 430 3271 etiam
442 3197 582 3270 ratione
593 3196 807 3291 magnificas
817 3196 970 3268 heroum
983 3196 1157 3286 actiones,

113 3311 332 3385 somniando
357 3310 416 3383 vel
442 3309 544 3382 inani
567 3308 697 3405 gloria,
726 3307 832 3380 nohis
864 3307 953 3404 ipsis
983 3310 1158 3405 affingere

113 3447 329 3521 possumus:
353 3434 390 3496 et
414 3432 558 3495 sextum
580 3444 715 3494 nomen
730 3420 927 3514 fictionum
953 3434 1065 3517 atque
1075 3423 1159 3520 fig·

112 3546 313 3610 mentorum
330 3535 447 3608 motui
464 3534 582 3631 primo
601 3534 817 3607 continuato
834 3535 1020 3630 affingere.
1071 3536 1161 3609 Por·

112 3673 230 3745 roqne
247 3649 443 3745 septimum
460 3672 596 3721 nomen
614 3648 806 3722 discursus
827 3649 1011 3722 continuae
1028 3648 1159 3746 imagi-

114 3763 307 3837 nationum
338 3761 457 3851 seriei,
487 3762 527 3834 in
557 3763 673 3857 quas*
698 3762 793 3834 sicut
821 3785 926 3858 aqnae
948 3786 1033 3858 pars
1055 3777 1159 3837 mota

113 3887 259 3973 partem
272 3874 431 3948 vicinam
445 3875 547 3948 ducit
560 3887 598 3947 et
611 3875 737 3961 trahit,
749 3876 803 3948 ita
814 3876 1032 3972 phantasma
1043 3900 1158 3950 nnnm

113 4013 162 4062 ex
179 3989 251 4062 alio
268 3988 389 4061 vicino
407 3989 499 4062 solet
516 3988 616 4061 oriri.
653 3988 749 4062 Sunt
766 4000 890 4061 antem
907 3988 1026 4062 vicina
1042 3990 1160 4085 phan-

583 4303 599 4337 ¹
623 4300 681 4361 Sic.
