2932 5054
528 423 862 479 Eccnsssrasnlcrt.

174 585 240 669 Qui
255 588 462 665 servitelero,
479 590 535 673 qui
550 591 635 656 clero
650 591 770 676 praedia
784 591 891 671 donat,

216 687 311 754 Clero
326 688 509 774 magnificas
524 690 722 775 aedificatque
737 691 857 769 domos,

170 785 205 851 Is
220 787 291 872 pius
306 798 364 862 est,
380 786 553 872 divumque
569 789 645 854 olim
660 788 817 855 referetur
830 790 865 855 in
879 791 1006 858 album:

213 887 355 951 AEterna
369 897 418 951 est
432 887 495 953 illis
510 888 577 953 vita
591 888 625 953 in
641 888 865 975 Ephemeride.

169 982 268 1068 Papa,
284 985 360 1050 lieet
374 985 495 1072 rigidus
510 986 611 1051 divini
628 998 759 1053 exactor
772 987 901 1054 honoris

212 1081 289 1147 Non
305 1094 383 1161 erat,
399 1095 432 1149 et
446 1083 572 1150 facilem
588 1086 739 1172 praestitit
754 1109 821 1153 esse
836 1087 961 1165 Fidem,

168 1180 204 1244 N
204 1204 246 1246 on
261 1181 310 1247 ita
320 1183 464 1269 neglexit
479 1184 601 1269 placide
615 1208 674 1250 sua
682 1185 757 1270 jura
771 1196 806 1250 et
824 1184 996 1252 honorem:

212 1278 275 1346 Sed
291 1303 444 1357 summus,
460 1281 486 1345 si
502 1282 575 1365 quis
589 1282 731 1368 deroget,
747 1282 833 1347 ultor
847 1293 924 1349 erat

168 1377 281 1444 Gentis
297 1379 490 1445 Anastasius
505 1380 660 1446 Romanae
675 1392 744 1446 erat
758 1379 982 1468 Induperator,

208 1476 269 1542 Ille
284 1489 391 1544 tamen
407 1501 496 1545 sacro
510 1479 645 1545 fulmine
660 1490 766 1545 taetus
781 1491 859 1546 erat.

166 1573 256 1642 Cur?
280 1576 367 1659 Quia
381 1601 491 1664 passus
506 1590 575 1644 erat
590 1579 702 1644 violari
717 1578 985 1647 Chalcedonensis

208 1676 373 1742 Articulos
390 1676 522 1764 Synodi‚
538 1678 655 1764 saepius
669 1677 861 1744 admonitus.

166 1772 230 1840 Sed
245 1777 432 1842 confirmata
446 1788 497 1843 est
514 1776 663 1864 Synodus
678 1779 738 1842 sub
752 1777 777 1843 J
779 1777 949 1854 ustiniano,

207 1873 379 1941 Haeretieae
394 1876 469 1941 fidei
485 1876 700 1960 terribilisque
715 1876 788 1941 fuit.

163 1970 314 2058 Namque
329 1975 356 2040 is
372 1974 567 2061 Theiologus
582 1975 695 2041 doetus
710 1975 860 2061 cupiebat
873 1973 992 2051 haberi,

205 2072 320 2158 Atque
336 2096 394 2138 suo
409 2074 555 2160 princeps
571 2073 690 2141 Codice
705 2074 818 2159 plenus
833 2083 913 2139 erat.
1124 2076 1206 2138 1510

162 2169 223 2236 Ille
238 2173 314 2237 tulit
329 2172 415 2259 leges
430 2172 561 2258 primus,
578 2173 695 2257 quibus
710 2171 848 2248 haeresis,
864 2171 926 2237 etsi

205 2271 354 2357 congrua
371 2270 554 2357 Scripturis,
567 2281 668 2336 morte
679 2270 797 2335 luenda
811 2270 903 2335 foret.

161 2366 221 2434 Ille
236 2370 296 2435 sibi
311 2381 345 2435 et
360 2370 458 2457 Papis
474 2370 591 2435 multos
601 2369 766 2456 jugulavit
780 2369 940 2446 honestos,

204 2467 325 2550 Quales
340 2492 398 2535 nos
413 2469 506 2536 hodie
521 2469 666 2546 dicimur,
682 2468 857 2534 haeretioos.

159 2565 220 2634 Ille
235 2580 323 2634 metu
338 2569 443 2645 solvit,
459 2568 599 2634 detraxit
613 2567 777 2652 fraenaque
792 2567 900 2654 Papia,

203 2666 355 2753 Expulsis
371 2666 501 2732 Ghottis
516 2667 644 2752 regibus
660 2666 763 2731 Italia

159 2762 219 2830 Ille
234 2776 425 2850 potestatem
441 2765 593 2852 Papalem
609 2764 806 2850 spiritualem

202 2862 340 2941 Inflavit‚
357 2863 455 2950 pestis
470 2886 542 2948 quae
558 2863 622 2928 fuit
635 2863 769 2948 imperii.

158 2961 256 3028 Alter
270 2963 441 3028 damnabat
455 2975 591 3039 sanctos,
603 2963 759 3049 spoliabat
773 2973 807 3027 et
821 2960 918 3026 alter:

198 3060 348 3148 Regnum
364 3063 455 3149 Papa
468 3074 599 3149 petens3
624 3085 690 3139 rex,
706 3072 882 3136 aravatius,
897 3081 981 3145 opes.
1116 3064 1198 3124 1520

154 3158 295 3245 Jamque
310 3162 416 3227 animo
431 3161 528 3248 Papae
544 3161 634 3227 dolor
648 3161 761 3225 unicus
776 3159 876 3236 haesit,
891 3159 1006 3224 habere

197 3258 475 3347 Constantinopoli
490 3262 656 3347 praesulem
671 3260 791 3325 honore
806 3281 923 3345 parem.

155 3358 309 3425 Attamen
324 3360 465 3425 obtinuit
479 3360 573 3445 paulo
589 3370 670 3446 post,
686 3358 828 3445 principe
848 3357 966 3434 Phoea,

196 3456 376 3523 Primatum
391 3459 430 3523 ad
446 3471 569 3524 nostros
585 3482 680 3542 quem
697 3468 786 3522 tenet
802 3479 904 3540 usque
919 3456 995 3521 dies.

154 3552 240 3620 Nam
256 3580 313 3622 rex
329 3556 476 3622 Tiberius
491 3557 641 3622 suecessit
656 3556 681 3622 J
684 3556 853 3631 ustinianq

196 3653 260 3722 Cui
274 3657 373 3720 vitam
389 3655 527 3741 dempsit
542 3666 729 3741 sceptraque
745 3653 940 3728 Mauritius3

153 3753 307 3820 Mauritio
323 3754 446 3821 Phocus
459 3783 468 3829 ;
495 3754 676 3839 Phoeaeque
693 3755 863 3820 Heraclius
878 3753 985 3820 armis.

194 3854 344 3920 Proditor
358 3854 385 3919 is
400 3854 473 3931 fuit,
488 3854 541 3919 hie
556 3853 788 3918 mounothelita
802 3854 873 3918 fuit

151 3951 273 4019 Phocus
289 3952 474 4020 Catholieus
490 3953 660 4039 primatum
677 3950 873 4037 spiritualem

193 4052 289 4138 Papae
305 4051 469 4128 cenauit,
485 4050 632 4136 participi
648 4049 783 4115 sceleris.
1108 4051 1190 4112 1530

151 4150 228 4215 Plus
244 4151 329 4216 ultra
342 4150 422 4215 nihil
438 4163 494 4216 est
541 4150 606 4214 Res
621 4161 670 4214 est
684 4148 838 4213 altissima
852 4147 946 4213 terris

192 4251 289 4337 Papa,
306 4250 366 4316 sihi
383 4251 467 4314 visus
483 4249 536 4313 vix
551 4249 656 4313 minor
670 4270 736 4314 esse
754 4246 832 4311 Deo.
