2932 5054
362 447 572 504 ,nostrum
592 449 914 506 euomuumcutt.
1117 439 1166 504 43

110 624 244 712 ,potest
277 616 384 711 eujus
417 614 514 688 basis
548 638 625 689 non
651 617 783 690 transit
812 640 879 714 per
902 616 942 691 P.
995 615 1070 690 Sed
1091 616 1166 690 vim
1179 647 1264 689 ruou.
1280 647 1369 692 xvnr.

109 728 447 804 demonstrationis
464 751 539 800 non
555 742 833 824 perspexerunt.
870 734 951 825 Age
964 729 1091 825 igitur,
1105 729 1165 803 de·
1179 719 1348 836 ΒΜ

119 840 426 915 monstrationem
444 841 652 929 afferamus,
663 841 694 913 si
706 841 795 914 fiere
812 853 945 938 potest,
960 842 1162 917 clariorem.
1177 843 1374 966 mum&

170 953 291 1029 Rodio
316 955 382 1043 DI,
409 978 491 1051 quae
520 953 642 1027 media
666 955 953 1051 proportionalis
983 967 1041 1030 est
1069 956 1166 1029 inter

118 1067 216 1142 latus
232 1065 300 1140 DC
316 1079 355 1140 et
371 1067 561 1140 semilatus
578 1067 650 1155 Da,
664 1067 896 1142 describatur
912 1091 1020 1142 arcus
1037 1069 1166 1143 circuli

119 1203 250 1254 secans
279 1180 344 1253 DF
367 1179 407 1253 in
431 1179 464 1266 b,
495 1191 534 1253 et
550 1180 619 1254 DV
635 1181 674 1255 in
690 1182 716 1272 i,
735 1194 773 1255 et
803 1182 869 1257 Dc
895 1182 935 1256 iu
960 1181 1005 1255 h:
1033 1194 1071 1257 et
1099 1205 1168 1280 per

118 1303 299 1389 punctum
318 1290 340 1364 b
357 1291 513 1365 ducatur
529 1317 575 1390 eq
594 1315 721 1368 secans
738 1293 805 1368 Dc
827 1295 867 1367 iu
882 1320 918 1384 e,·
933 1306 973 1368 et
989 1295 1165 1391 diagona-

118 1405 193 1480 lem
220 1405 287 1478 BD
309 1403 348 1477 in
361 1430 398 1503 q,
420 1416 458 1478 et
478 1405 548 1478 DV
565 1405 605 1477 in
627 1429 660 1478 o.
712 1407 793 1480 Erit
819 1430 908 1504 ergo
936 1420 1016 1481 tum
1044 1420 1166 1482 sector

119 1517 216 1590 DCP
233 1515 367 1613 duplus
397 1517 550 1591 sectoris
574 1514 668 1607 nto,
695 1529 777 1591 tum
801 1518 1020 1616 quadrilinei
1038 1518 1165 1594 cuth:

118 1630 209 1704 item
233 1629 458 1725 triangulum
482 1629 587 1703 DXY
603 1628 756 1726 duplum
785 1641 866 1704 tum
894 1631 1068 1727 trianguli
1085 1631 1167 1706 Dte

119 1756 201 1817 tum
213 1741 570 1840 quadrilineiYXoe.
610 1743 735 1818 Quare
752 1756 874 1819 sector
891 1743 1053 1839 reliquus
1067 1743 1166 1817 DVP

119 1853 254 1953 duplus
272 1867 329 1929 est
346 1867 426 1928 tum
442 1854 580 1929 trilinei
597 1854 702 1946 CYP,
721 1868 801 1929 tum
818 1855 1038 1954 quadrilinei
1050 1855 1165 1929 VPbi.

119 1969 170 2044 Et
186 1966 259 2043 Da·
272 1967 405 2064 duplus
423 1968 561 2042 trilinei
578 1967 660 2043 tte.

111 2157 114 2162 .
172 2082 265 2157 eum
288 2104 378 2177 ergo
404 2092 526 2155 sector
542 2081 640 2155 DVP
658 2079 790 2177 duplus
817 2081 866 2154 sit
894 2080 1031 2154 trilinei
1060 2080 1164 2170 CYP,

119 2195 293 2290 idemque
309 2192 461 2290 aequalia
475 2191 618 2266 duobus
631 2193 786 2266 trilineis
801 2192 907 2284 CYP,
920 2193 1037 2267 Pon:
1054 2205 1165 2266 erunt

111 2308 229 2393 CYP,
246 2306 344 2381 PQL
360 2305 516 2402 aequalia
542 2305 641 2378 inter
666 2329 718 2379 se.
770 2304 882 2380 Quod
904 2316 985 2380 erat
1011 2306 1162 2381 demon·

118 2418 324 2496 strandum.

171 2534 367 2608 Inventum
385 2554 473 2628 ergo
487 2542 545 2604 est
558 2530 789 2627 quadratum,
800 2555 932 2628 nempe
943 2532 1164 2629 quadratum

119 2649 167 2721 ab
181 2645 264 2734 ΥΟ,
277 2644 417 2741 aequale
435 2644 577 2716 octanti
594 2643 734 2732 circuli,
749 2668 880 2741 nempe
899 2648 1033 2721 sectori
1048 2647 1163 2733 DCL;

120 2775 234 2856 atque
267 2757 360 2833 adeo
395 2758 528 2830 effecta
560 2769 618 2831 est
652 2758 875 2854 quadratura
909 2760 1058 2834 circuli:
1093 2785 1163 2835 uec

118 2896 220 2949 nunc
246 2873 418 2970 primum,
446 2870 512 2945 sed
546 2871 673 2945 multis
699 2873 835 2965 abhinc
862 2874 981 2964 annis,
1011 2873 1163 2948 diversis

119 2986 304 3061 methodis
323 2986 412 3060 satis
429 2983 692 3059 demonstrata

169 3101 229 3173 Ex
256 3101 327 3174 hac
356 3098 671 3172 demonstratione
699 3097 834 3172 deduxi
862 3099 973 3173 etiam
999 3099 1164 3196 duplica-

118 3215 258 3289 tionem
276 3212 372 3300 cubi,
390 3211 588 3286 ostendens
612 3224 770 3307 quatuor
798 3225 918 3286 rectas
936 3212 1011 3300 CB,
1025 3213 1086 3301 Zc,
1104 3237 1163 3310 eq,

118 3339 157 3400 et
175 3325 218 3400 Ik
230 3349 310 3399 esse
326 3325 500 3399 continue
517 3324 821 3420 proportionales
866 3325 939 3398 Sed
956 3348 1074 3420 neque
1092 3325 1163 3399 hoc

118 3440 378 3514 intellexerunt
406 3438 628 3534 algebristae.
680 3437 818 3534 Objicit
847 3438 944 3511 enim
977 3437 1165 3535 professor

118 3553 337 3638 Saviliauus,
355 3551 455 3648 quod
472 3563 585 3625 rectae
604 3551 681 3640 CB,
699 3551 782 3638 ΥΟ,
809 3552 860 3624 Zc
877 3575 953 3625 non
971 3564 1059 3625 sunt
1076 3575 1164 3625 con-

117 3667 221 3740 tinue
237 3664 542 3762 proportionales.
594 3665 728 3737 Essent
742 3663 838 3737 enim
857 3666 969 3737 etiam
984 3664 1060 3753 BD,
1080 3664 1163 3754 DQ,

119 3778 185 3852 Dc
217 3778 522 3875 proportionales.
586 3777 797 3874 supposito,
842 3777 973 3874 inquit,
1008 3776 1164 3850 divisam

118 3916 197 3965 esse
216 3892 278 3965 BC
299 3891 596 3987 quiuquilariam,
620 3889 842 3988 quadratum
870 3893 948 3986 ejus
974 3902 1029 3963 est
1047 3901 1107 3980 25,
1126 3902 1165 3965 et

117 4006 339 4103 quadratum
356 4028 379 4076 a
396 4003 464 4077 BD
486 4009 586 4092 (cum
605 4005 654 4078 sit
684 4005 763 4100 ejus
780 4003 948 4100 duplum)
967 4012 1039 4088 50;
1074 4029 1164 4102 qua-

118 4120 262 4193 dratum
280 4143 304 4191 a
323 4117 479 4201 DQ110;
506 4117 726 4212 quadratum
743 4142 766 4190 a
784 4117 839 4190 Dc
854 4125 902 4189 32
918 4147 927 4200 ;
954 4127 993 4188 et
1009 4118 1163 4214 proinde

115 4233 338 4330 quadratum
382 4231 432 4303 Zc
464 4238 507 4302 16
539 4231 723 4304 vicesimae
753 4229 891 4325 quintae
926 4231 1039 4305 totius
1075 4256 1166 4328 qua-

116 4345 212 4420 drati
230 4341 382 4419 ABCD.
433 4340 508 4416 Sed
524 4340 743 4439 quadratum
761 4366 784 4415 a
800 4341 851 4416 Ze
868 4352 927 4415 est
950 4350 992 4418 10
1011 4344 1164 4418 decimae
