2932 5054
456 458 694 512 rsacrnros
716 457 905 510 cericus.
1125 445 1197 510 225

156 624 235 696 AB.
287 623 326 697 Si
345 623 458 716 igitur
475 625 523 698 ad
540 625 610 698 GH
628 625 666 697 in
686 624 833 721 punctis
850 624 883 697 G
900 636 938 697 et
963 624 998 695 H
1018 622 1200 696 ducantur

156 736 475 832 perpendiculares
501 740 563 827 GI,
578 741 664 824 HK,
687 739 758 812 erit
781 761 995 836 progressus
1020 737 1199 811 directus:

158 862 196 921 et
216 862 313 923 totus
331 852 454 924 radius
473 853 541 925 erit
565 854 724 948 spatium
750 851 963 925 conclusum
987 852 1085 924 intra
1109 853 1199 947 {igu-

156 985 235 1034 ram
253 964 527 1039 ACGIKHDB.
579 967 685 1039 Patet
702 989 791 1061 ergo
808 965 902 1037 ratio
919 965 1070 1061 physica
1088 988 1201 1060 quare

156 1077 279 1150 radius
306 1078 531 1175 refringitur,
556 1080 757 1153 consistens
785 1079 822 1150 in
849 1077 1010 1175 eoquod
1040 1078 1201 1152 medium

156 1202 211 1262 est
233 1191 400 1263 biforme.

206 1303 420 1378 Notandum
439 1319 494 1378 est
511 1330 654 1404 quoque
671 1314 792 1378 rectas
810 1304 880 1393 LF,
896 1303 990 1393 ΜΗ,
1007 1301 1200 1400 perpendi·

157 1415 297 1489 culares
315 1417 363 1490 ad
375 1418 452 1507 ΕΙ),
471 1443 550 1492 esse
566 1420 664 1491 inter
681 1441 720 1491 se
738 1417 916 1513 aequales:
934 1417 1034 1513 quod
1051 1417 1201 1491 demon-

126 1516 128 1521 ’
156 1538 272 1601 strare
295 1552 371 1602 non
397 1545 454 1602 est
480 1530 639 1614 difficile,
660 1530 726 1602 sed
743 1529 957 1601 verbosum:
985 1552 1030 1601 ex
1044 1554 1117 1625 quo
1144 1554 1201 1604 se-

156 1640 293 1736 quitur,
320 1641 415 1716 datis
445 1643 505 1716 LF
534 1646 633 1740 (quae
663 1655 719 1716 est
750 1642 935 1739 quantitas
963 1642 1201 1717 demersionis

156 1754 303 1826 termini
322 1754 355 1826 D
372 1755 410 1827 in
428 1754 549 1829 medio
568 1755 698 1848 denso)
714 1768 753 1828 et
770 1755 836 1827 AB
858 1756 955 1852 (quae
973 1756 1131 1829 sumitur
1143 1780 1202 1830 ar-

156 1866 266 1939 bitrio
283 1880 410 1941 nostro
429 1893 496 1964 pro
520 1870 616 1943 linea
635 1869 756 1960 lucis),
774 1869 899 1941 statim
927 1868 1007 1941 dari
1035 1868 1106 1941 GH
1133 1893 1201 1965 pro

156 1977 253 2052 linea
270 1979 363 2053 lucis
380 1996 585 2078 propagata
610 1982 649 2054 iu
673 1981 835 2054 medium
862 1980 1028 2055 densum.
1080 1982 1203 2055 Ducta

156 2092 254 2165 enim
272 2103 374 2166 recta
391 2094 457 2166 FH
476 2094 650 2190 parallelo
666 2093 713 2167 ad
731 2095 808 2184 ΕΙ),
828 2107 865 2168 et
882 2094 1066 2191 applicata
1083 2095 1203 2191 longi-

156 2205 285 2278 tudine
302 2205 381 2295 AB,
401 2207 455 2279 ita
471 2219 513 2280 ut
529 2208 623 2280 alter
646 2208 827 2280 terminus
854 2208 904 2280 sit
930 2208 969 2280 in
996 2219 1098 2281 reeta
1123 2209 1201 2298 ΕΙ),

157 2319 252 2392 alter
269 2320 307 2392 in
325 2320 404 2406 FH,
418 2321 482 2393 fiet
495 2321 565 2394 GH
585 2319 682 2393 linea
699 2320 791 2393 lucis
804 2333 1008 2417 propagata
1021 2345 1201 2418 eousque:

157 2456 279 2529 aqua
309 2433 429 2506 ductae
457 2433 780 2530 perpendiculares
810 2434 872 2525 GI,
892 2435 979 2523 HK,
1008 2435 1203 2530 designant

157 2545 250 2618 radii
263 2559 409 2642 partem
420 2545 632 2620 refractam.
687 2547 815 2643 Neque
832 2545 947 2619 refert
963 2547 1011 2619 ad
1029 2548 1201 2621 effectum

156 2659 398 2746 retractionis,
415 2660 541 2755 inqua
564 2673 669 2756 parte
686 2671 798 2732 rectae
811 2659 875 2731 ΕΙ)
890 2671 1072 2732 statuatur
1088 2683 1201 2754 punc-

157 2789 236 2849 tum
251 2777 294 2865 G,
313 2801 396 2850 oum
424 2789 503 2849 tota
519 2778 596 2866 ΕΙ),
616 2778 711 2850 siout
735 2788 773 2848 et
795 2776 861 2848 AB
879 2775 936 2848 vel
959 2776 1043 2864 GH,
1067 2776 1200 2848 iutelli-

156 2890 278 2986 genda
296 2891 344 2964 sit
362 2902 403 2963 ut
420 2891 652 2964 insensibilis.
696 2889 931 2964 Commodius
950 2902 1073 2962 tamen
1086 2914 1201 2986 pone-

157 3004 268 3077 turG
291 3004 329 3075 in
357 3003 436 3099 ipso
463 3015 601 3099 puncto
626 3004 656 3075 E
682 3015 720 3075 et
749 3004 810 3075 H:
839 3003 938 3074 inea
960 3014 1066 3099 parte
1089 3013 1201 3074 rectae

159 3118 224 3190 FH
254 3141 363 3213 quam
398 3116 591 3212 longitudo
619 3117 685 3189 ΑΒ
720 3115 965 3188 determinat:
997 3128 1039 3188 ut
1066 3115 1131 3187 ΑΕ
1162 3115 1201 3186 in

158 3230 279 3303 medio
302 3250 386 3303 raro
412 3232 649 3304 continuetur
671 3254 756 3303 cum
773 3229 823 3302 Gl
847 3241 951 3325 parte
979 3229 1139 3302 refracta
1162 3227 1200 3299 in

158 3343 279 3418 medio
297 3343 423 3417 denso.

517 3610 768 3661 PROPOSITIO
799 3611 837 3661 V.

158 3749 304 3821 Radius
322 3749 487 3822 incidens
507 3749 876 3848 perpendiculariter
903 3752 940 3822 ire
967 3751 1199 3849 superficiem

200 3862 369 3960 plorum,
383 3862 617 3934 considero-ri
623 3872 751 3959 polest
765 3873 939 3960 tunquam
952 3864 1050 3935 linea
1064 3864 1199 3936 mallee·

207 3975 368 4047 arctico:
397 3974 467 4047 red
487 3974 653 4047 incidens
675 3976 713 4048 ire
730 3975 881 4047 eurrrlem
909 3976 1065 4072 oblique,
1085 3976 1200 4049 consi·

208 4087 397 4160 derandree
415 4097 471 4159 eet
489 4097 528 4159 ut
545 4088 685 4160 lobene
703 4088 942 4161 latitudinem.

210 4239 267 4309 Sit
285 4238 408 4310 radius
423 4237 554 4309 ABCD
572 4240 710 4311 liabens
728 4238 960 4311 latitudinem
976 4239 1050 4325 AC,
1066 4239 1201 4311 cadens

158 4350 510 4451 perpendiculariter
525 4353 560 4422 in
576 4352 724 4447 planum
742 4353 822 4424 BD:
841 4352 1095 4425 consideratur
1113 4375 1200 4447 ergo

260 4485 353 4535 VOL.
373 4486 411 4535 V.
1075 4489 1102 4546 Q

1241 649 1323 690 PROP.
1339 648 1380 688 Π.

1242 717 1384 751 ε-γ--ν
