2932 5054
321 413 377 466 An
397 413 588 467 currusu
608 413 939 467 uunl‘rn‘rrouus.
1079 397 1154 477 273

483 717 685 770 ouruc‘rlo
705 719 778 769 XV.

324 867 379 919 An
400 868 726 951 Mnulrurlouum
747 867 928 920 snx‘rnu.

275 996 336 1069 De
359 1020 482 1069 rerum
506 997 752 1071 materialium
775 996 985 1070 existentia.

112 1146 202 1220 Cum
228 1147 324 1220 enim
347 1147 484 1220 nullam
505 1149 623 1247 plane
640 1148 876 1245 facultatem
900 1147 987 1220 milri
1005 1145 1153 1220 dederit

157 1260 264 1333 Deus
277 1260 331 1333 ad
341 1260 419 1348 lroc,
430 1274 554 1334 utrum
566 1261 658 1335 ideae
672 1263 923 1334 emittenture
938 1261 1152 1356 corporibus

160 1394 289 1461 necue,
307 1374 605 1472 cognoscendum,
622 1373 693 1446 sed
719 1383 849 1446 contra
866 1397 1039 1471 magnam
1058 1397 1152 1471 pro-

153 1485 371 1584 pensionem
388 1486 443 1558 nd
456 1486 676 1558 eredendum
690 1482 780 1557 illas
795 1509 820 1556 a
836 1482 945 1556 rebar
962 1486 1153 1583 corporeis

158 1599 287 1687 emitti,
298 1624 367 1671 non
384 1598 489 1671 uideo
507 1622 581 1695 qna
599 1598 745 1671 ratione
759 1597 882 1694 possit
905 1596 1072 1695 intelligi
1094 1599 1154 1696 ip·

160 1735 240 1783 enm
258 1734 327 1783 non
344 1734 426 1783 erse
440 1710 645 1806 fallacem,
663 1710 699 1781 si
711 1707 862 1781 aliunde
878 1734 988 1806 quam
1001 1735 1026 1781 a
1042 1709 1154 1783 rebue

159 1824 349 1923 corporeis
378 1824 659 1897 emitterentur:
684 1847 730 1896 ae
746 1821 912 1921 proinde
937 1847 997 1894 ree
1024 1847 1152 1921 eorpo-

158 1960 235 2009 rece
252 1937 428 2010 cui-stunt.

159 2085 369 2161 Communis
397 2097 452 2158 est
477 2085 611 2182 opinio,
630 2109 706 2158 nou
733 2109 887 2182 peccare
908 2085 1071 2158 medicos
1088 2086 1152 2182 qni

109 2213 268 2297 aegrotos
300 2199 489 2297 decipiunt
518 2198 681 2295 ipsorum
706 2199 833 2272 salutis
867 2223 1001 2272 causa:
1033 2221 1152 2293 neque

109 2324 230 2409 patres
256 2313 320 2408 qui
342 2312 435 2384 filios
459 2334 544 2383 suos
573 2310 707 2383 fallunt
729 2311 817 2384 boni
834 2312 997 2406 ipsorum
1014 2312 1153 2407 gratia:

108 2448 228 2519 neque
258 2425 398 2498 crimen
429 2423 655 2519 deceptionis
690 2425 888 2497 consistere
920 2424 957 2496 iu
991 2423 1151 2497 falsitate

109 2536 303 2626 dictorum,
318 2537 382 2609 sed
400 2537 439 2609 in
456 2535 590 2632 injuria
607 2535 881 2632 decipientium.
907 2535 1051 2609 Viderit
1063 2560 1151 2632 ergo

109 2651 155 2723 D.
174 2651 218 2722 C.
236 2674 283 2723 nn
304 2674 392 2722 vera
419 2650 467 2722 sit
494 2651 697 2745 propositio
722 2648 975 2722 universaliter
993 2663 1151 2745 sumpte,

110 2763 215 2834 Deus
233 2761 333 2835 nullo
346 2787 436 2836 carn
447 2771 576 2860 potest
593 2787 658 2835 nou
668 2761 842 2859 fallere:
868 2787 953 2835 unm
968 2765 1000 2836 si
1012 2787 1087 2835 uon
1105 2764 1153 2836 sit

109 2898 197 2948 vera
225 2877 278 2947 itu
304 2875 569 2959 universaliter,
587 2898 661 2947 uon
685 2875 849 2971 sequitur
875 2876 1060 2949 conclusio
1078 2874 1152 2966 ille,

109 3012 202 3087 ergo
219 3011 281 3060 ree
299 3012 491 3086 corporea
507 2988 683 3061 existunt.

506 3209 748 3261 RESPONSIO.

159 3337 218 3410 Ad
242 3363 362 3411 meam
381 3338 653 3411 conclusionem
678 3363 753 3411 nou
778 3340 974 3435 requiritur
991 3349 1034 3412 ut
1051 3338 1152 3414 nullo

111 3474 198 3524 casu
223 3453 403 3548 possimus
432 3450 535 3524 fulli:
562 3451 694 3525 admisi
721 3452 818 3524 enim
838 3453 934 3525 ultro
961 3476 1029 3526 nos
1055 3476 1152 3548 saepe

110 3563 190 3636 fulli
215 3565 295 3636 :sed
325 3576 365 3636 ut
391 3588 467 3636 non
498 3563 667 3637 fallamur
686 3589 770 3636 cum
796 3565 864 3638 iste
889 3576 1016 3638 noster
1050 3589 1153 3637 error

111 3676 317 3773 decipiendi
345 3677 574 3749 voluntatem
604 3677 642 3749 iu
673 3679 752 3750 Deo
780 3689 990 3766 testaretur,
1009 3677 1153 3775 qualem

110 3789 147 3861 iu
184 3813 227 3862 eo
264 3814 342 3863 esse
377 3802 569 3886 repugnat.
628 3791 840 3886 Rursusque
874 3791 934 3863 hic
968 3803 1024 3864 est
1057 3790 1153 3864 mula

110 3902 239 3975 illatio.

435 4073 636 4126 OBJECTIO
656 4075 829 4126 ULTIMA.

112 4189 220 4262 Nunc
242 4189 337 4262 enim
362 4189 516 4262 adverto
538 4215 786 4289 permagnum
806 4215 888 4263 esse
906 4190 1003 4263 inter
1018 4199 1154 4262 utrum·

162 4327 239 4397 que,
263 4302 334 4373 hoc
363 4315 419 4375 est
444 4303 542 4375 inter
564 4302 727 4398 vigiliam
753 4313 790 4374 et
814 4303 1047 4389 insomnium,
1074 4303 1153 4376 elir-

211 4436 305 4487 vor..
325 4437 364 4487 v.
1028 4438 1054 4490 'r

1192 1177 1339 1220 ourucrto

1245 1259 1296 1298 xv.

1193 1326 1336 1364 s-s-e
