2932 5054
451 434 644 490 cursurus
663 436 827 491 nnuvrs.
895 474 897 480 .
1108 423 1154 492 81

115 622 262 695 gressus
287 601 410 676 estin
438 606 604 700 tempore
630 604 808 701 perficiet,
822 604 864 678 ‘si
892 604 991 702 quod
1020 614 1157 680 conatu
1170 631 1369 679 monxxvrm

114 712 323 808 profecerat
344 729 470 813 posset
490 727 620 791 contra
645 729 820 793 conatum
846 717 1019 815 ponderis
1049 718 1158 793 resis-
1196 701 1360 744 “⁹“

115 827 228 900 tentis
251 830 438 904 retinere:
464 830 600 928 alioqui
623 832 721 905 enim
748 830 894 928 pondus
917 831 1157 907 relaberetur}

167 941 237 1015 Ars
260 966 349 1040 ergo
372 944 542 1019 movendi
571 945 698 1020 datum
724 944 869 1041 pondus
896 944 983 1019 data
1009 945 1058 1032 vi,
1085 945 1157 1019 alia

112 1077 191 1128 uon
208 1068 267 1130 est
282 1080 392 1152 quam
409 1081 468 1132 ars
491 1057 943 1147 inveniendimachiuam‚
961 1059 1065 1154 cujus
1086 1083 1158 1155 ope

112 1166 214 1263 quod
228 1169 349 1265 primo
367 1181 501 1245 conatu
518 1170 737 1269 acquisitum
754 1182 821 1262 est,
836 1196 950 1270 usque
971 1171 1022 1246 ad
1045 1193 1159 1246 cona-

113 1290 195 1353 turn
217 1281 430 1369 secundum,
447 1293 486 1357 et
510 1283 679 1358 similiter
694 1307 718 1357 a
734 1285 896 1359 secundo
920 1284 969 1359 ad
991 1284 1156 1373 tertium,

112 1402 154 1465 et
169 1392 224 1466 sic
241 1392 412 1493 deinceps
429 1405 676 1470 conservetur.
704 1395 908 1470 Conatibus
922 1396 1020 1471 enim
1031 1421 1158 1493 quam-

114 1505 207 1582 libet
231 1508 384 1604 exiguis,
405 1509 437 1582 si
463 1508 766 1606 multiplicentur,
787 1510 906 1583 omnis
933 1510 1084 1583 tandem
1101 1511 1157 1585 vis

113 1617 202 1693 data
217 1621 460 1716 superabitur.

164 1733 341 1808 Machina
356 1744 479 1808 autem
497 1734 546 1808 ad
558 1758 639 1808 eam
656 1758 736 1808 rem
752 1734 872 1831 prima
884 1747 921 1808 ct
939 1737 1158 1812 commodis-

113 1846 219 1935 sime,
235 1857 293 1920 est
306 1870 351 1921 ea
366 1871 448 1945 quae
465 1860 620 1921 vocatur
635 1846 810 1921 cochlea:
827 1845 867 1920 id
883 1858 949 1937 est,
969 1848 1156 1943 cylindrus

113 1960 355 2048 firmissimus,
373 1960 574 2035 secuudum
591 1961 696 2056 cujus
716 1960 949 2056 superficiem
972 1961 1157 2058 descripta

112 2071 213 2146 linea
223 2073 367 2169 spiralis
379 2074 578 2148 multarum
588 2073 954 2147 circumvolutionem
967 2074 1083 2147 incisa
1095 2077 1155 2150 sit.

113 2184 201 2260 Quo
217 2184 330 2276 laeto,
347 2187 480 2260 virium
503 2187 696 2276 moventis,
714 2185 802 2259 licet
818 2188 972 2276 minimi,
991 2189 1154 2278 effectus,

111 2297 316 2393 procedens
333 2298 532 2374 secundum
551 2298 806 2396 obliquitatem
823 2300 1007 2396 spiralem,
1023 2324 1047 2374 a
1062 2326 1155 2397 pou-

113 2411 203 2484 dere
229 2410 398 2502 levando,
415 2413 649 2509 quantumvis
675 2435 821 2508 magno,
841 2436 1030 2508 nunquam
1052 2415 1162 2488 aufe-¹

113 2535 242 2597 retur:
261 2536 457 2620 propterea
484 2524 583 2620 quod
610 2523 784 2621 ponderis
812 2525 898 2598 elati
926 2526 980 2598 vis
1011 2549 1156 2624 semper

110 2635 235 2710 tendit
251 2637 453 2712 secundum
469 2638 626 2734 cylindri
642 2662 761 2727 axem,
777 2637 816 2710 id
834 2649 902 2728 est,
920 2637 968 2712 ad
984 2640 1154 2736 spiralem

111 2748 190 2822 sere
203 2751 567 2846 perpendiculariter.

164 2861 345 2952 Secunda,
364 2888 446 2960 quae
463 2874 609 2937 constat
626 2887 673 2937 ex
689 2863 779 2937 rotis
794 2862 965 2952 dentatis,
983 2863 1155 2938 dentibus

111 2973 263 3050 alberius
289 3000 357 3073 per
383 2975 547 3050 dentium
577 2975 727 3050 alterius
760 2976 960 3050 interstitia
986 2976 1154 3050 circulari

111 3103 218 3162 motu
246 3089 543 3185 procedentibus,
559 3089 658 3163 idem
675 3090 798 3164 efficit.

161 3200 289 3275 Tertia
317 3213 385 3291 est,
409 3200 675 3300 polyspastum
704 3225 750 3274 ex
779 3201 944 3298 pluribus
968 3199 1154 3275 trochleis.

113 3311 209 3386 Sunt
226 3323 264 3386 et
280 3314 374 3402 alise,
391 3313 456 3387 sed
474 3337 601 3386 omnes
624 3323 760 3410 praeter
783 3314 970 3387 cochleam
999 3314 1048 3387 ad
1074 3337 1157 3386 vec·

110 3435 189 3498 tem
205 3425 282 3499 sive
298 3426 429 3500 libram
446 3426 574 3500 reduci
591 3437 745 3523 possunt
759 3458 769 3512 ;
795 3451 948 3524 quarum
963 3429 1100 3522 figuras
1118 3437 1157 3500 et

113 3536 447 3613 demonstrationes
469 3539 568 3636 apud
594 3539 767 3613 authores
790 3539 935 3624 videas;
962 3563 1009 3612 ne
1032 3551 1069 3612 te
1091 3540 1156 3612 ubi

112 3673 206 3746 opus
223 3672 297 3724 non
312 3662 379 3736 est,
393 3663 431 3724 et
444 3662 577 3747 praeter
594 3651 803 3725 institutum
821 3675 943 3724 meum
957 3650 1154 3724 detineam.

113 3762 316 3836 Considera
332 3786 431 3835 nunc
451 3764 548 3836 illius
565 3763 929 3852 demonstrationem,
948 3777 986 3836 et
1004 3786 1157 3858 sequen·

112 3890 170 3951 tes
189 3876 281 3951 duas
302 3899 384 3972 quae
401 3877 447 3949 ab
472 3877 542 3950 hac
568 3876 790 3973 dependent,
810 3877 941 3972 quibus
972 3874 1156 3948 clauditur

112 4002 225 4088 caput
240 3990 400 4087 primum
418 3990 465 4063 de
481 3990 590 4063 Moto
607 3991 645 4063 in
661 4014 807 4086 genere.

162 4101 223 4176 Sit
233 4103 420 4202 exposito,
437 4103 568 4199 inquit,
584 4104 642 4177 oio
659 4104 704 4193 V,
723 4128 798 4200 poce
812 4101 971 4174 moveri*
983 4103 1157 4200 potierit

503 4353 519 4387 ⁸
543 4352 592 4413 Sic
606 4353 674 4413 edit
694 4351 779 4412 1671.

213 4467 309 4521 VOL.
325 4466 366 4518 V.
581 4473 587 4483 '
1031 4470 1056 4521 G
