2932 5054
388 405 574 467 amouo'r
592 404 866 458 onounnmca
885 404 974 458 arc.
1131 390 1198 458 185

152 569 283 670 gali,
298 570 356 644 rl:
382 596 540 669 quorum
555 572 673 646 latera
691 585 778 646 sunt
805 572 961 669 aequalia
986 572 1098 646 rectis
1126 572 1201 660 BE,
1242 596 1389 700 Q

155 685 224 775 Ele,
237 684 288 774 kl,
299 683 361 776 lm,
371 687 438 759 ml.
512 687 642 782 ltaque
660 687 717 759 ha:
735 710 881 783 quoque
899 698 1008 759 erunt
1026 685 1201 759 continue
1230 724 1410 778 meam„

154 797 460 895 proportionales.
514 798 615 895 Ergo
647 799 915 896 componendo,
950 813 993 872 ut
1024 799 1091 872 KB
1118 798 1201 895 plus
1229 787 1395 847 ΝΟΜ*

156 911 236 999 KB,
254 909 364 984 idest
382 924 462 985 tota
475 912 549 1002 ΟΒ,
569 912 689 986 estad
708 912 774 985 CK
791 913 874 1010 plus
892 914 971 1001 KE,
985 912 1038 984 ita
1052 911 1122 984 erit
1133 911 1203 984 CK

153 1024 236 1121 plus
254 1024 322 1098 ΚΕ
339 1025 387 1098 ad
406 1024 472 1099 CK
489 1026 572 1122 plus
590 1026 669 1100 ch:
686 1040 726 1099 et
741 1027 797 1099 ita
814 1027 883 1100 CK
900 1026 983 1122 plus
1001 1026 1061 1097 Klr
1075 1025 1123 1098 ad
1136 1025 1202 1099 CK

153 1138 235 1234 plns
266 1136 328 1226 Kl,
354 1152 426 1212 eto.
480 1139 576 1212 Sunt
603 1162 691 1235 ergo
710 1139 785 1228 ΟΒ,
804 1139 880 1227 ΟΕ,
892 1139 957 1228 Cle,
973 1137 1030 1228 ΟΖ,
1044 1139 1121 1227 Cro,
1134 1139 1203 1212 CK

154 1273 218 1323 sex
235 1262 348 1324 reetae
366 1253 540 1326 continue
557 1253 876 1349 proportionales:
902 1253 1001 1325 inter
1018 1276 1108 1348 quas
1127 1252 1204 1340 ΟΕ,

156 1361 224 1452 ok,
238 1364 311 1453 CL,
328 1364 396 1437 Cm
413 1366 660 1440 intercedunt.
712 1366 878 1438 Inventae
896 1389 984 1461 ergo
1002 1377 1089 1439 sunt
1106 1366 1204 1438 inter

155 1475 280 1550 datam
306 1488 508 1551 reclamet
536 1479 650 1575 ipsius
678 1478 870 1552 dimidium
896 1490 1055 1572 quatuor
1071 1477 1204 1552 mediae

153 1587 459 1685 proportionales.
513 1590 624 1665 Quod
643 1605 724 1664 erat
739 1590 959 1664 faciendum.

204 1723 241 1775 v.
277 1703 565 1778 Gemestarium.
619 1704 658 1778 Si
682 1704 719 1778 in
738 1716 841 1778 recta
857 1704 924 1778 Dc
940 1702 1121 1801 producta
1137 1729 1204 1801 po-

155 1825 266 1887 natur
283 1813 344 1887 CF
363 1816 514 1912 aequalis
531 1817 596 1905 ck,
615 1828 653 1890 et
681 1817 720 1890 in
749 1818 812 1891 ΒΟ
835 1817 1017 1914 producta
1042 1830 1207 1913 ponatur

156 1926 227 2003 ΟΜ
244 1930 393 2026 aequalis
412 1929 468 2020 ΟΖ,
487 1930 580 2004 etin
598 1931 662 2005 CD
680 1945 866 2027 ponantur
880 1931 948 2004 ΟΗ
961 1930 1111 2027 aequalis
1125 1929 1202 2017 Cm,

155 2052 193 2114 et
217 2042 372 2139 denique
396 2043 603 2140 jungantur
621 2045 708 2133 HK,
725 2045 818 2133 HM,
834 2043 921 2132 ΜΕ,
934 2045 1004 2126 Fu,
1018 2044 1093 2132 ΕΙ),
1110 2044 1203 2116 fient

154 2155 317 2250 quinque
346 2156 530 2253 triangula
558 2157 789 2254 aequiangula
820 2157 928 2247 DEC,
954 2155 1058 2246 ΟΕΕ,
1087 2154 1202 2243 ΕΜΟ,

156 2267 284 2357 MHC,
299 2268 419 2340 HKC.

205 2403 264 2454 v1.
291 2381 394 2455 Inter
411 2381 502 2456 duas
517 2395 636 2458 rectas
650 2383 755 2458 datas
769 2407 1019 2481 quascumque
1036 2382 1201 2457 invenire

155 2493 246 2567 duas
263 2494 402 2568 medias
419 2496 724 2591 proportionales

206 2607 263 2680 Sit
283 2607 361 2703 (fig.
374 2608 425 2702 vi)
455 2607 542 2681 data
568 2610 632 2683 ΒΟ
649 2611 777 2705 major,
796 2608 864 2681 CD
883 2608 1013 2681 minor.
1065 2609 1200 2706 Dispo-

154 2731 291 2793 nantur
314 2719 362 2792 ad
392 2721 546 2816 angulos
571 2734 692 2795 rectos
710 2723 748 2794 in
768 2721 820 2793 C:
848 2731 887 2792 et
904 2720 954 2792 sit
972 2720 1034 2792 ΒΟ
1051 2722 1199 2817 aequalis

154 2831 231 2904 ΑΟ.
284 2832 496 2928 Jungantur
518 2834 600 2923 ΑΙ),
627 2834 711 2906 ΑΒ;
737 2844 775 2905 et
803 2845 916 2905 rectae
941 2833 1004 2906 ΒΟ
1032 2847 1200 2905 sumatur

154 2945 305 3041 aequalis
324 2943 387 3033 Oc,
407 2958 444 3019 et
458 2947 639 3042 jungatur
656 2947 719 3018 Ac.

204 3059 240 3131 A
249 3070 388 3155 puncto
403 3058 437 3130 D
451 3059 667 3132 demittatur
680 3059 745 3132 DE
756 3058 896 3131 faciens
910 3057 1064 3153 angulos
1079 3067 1200 3131 rectos

154 3170 202 3244 ad
221 3171 267 3259 D,
286 3194 486 3264 secansque
501 3171 557 3243 Ac
574 3172 612 3242 in
629 3172 671 3244 E.
708 3172 846 3245 Centro
863 3172 906 3258 Ε,
918 3168 1111 3242 intervallo
1121 3169 1206 3258 ΕΙ),

155 3282 385 3356 describatur
403 3307 509 3356 arcus
525 3283 653 3356 circuli
669 3285 733 3381 Df,
746 3285 963 3358 terminatus
976 3285 1015 3356 in
1030 3286 1084 3355 Ae
1097 3282 1144 3355 ad
1155 3282 1199 3378 J:

156 3398 311 3470 Seeetur
328 3421 434 3469 arcus
452 3397 514 3493 Dp
533 3396 711 3470 trifariam
728 3399 765 3471 in
785 3399 814 3471 d
829 3411 866 3471 et
878 3424 909 3486 e,
924 3397 1118 3492 ductaeque
1131 3395 1200 3485 ud,

153 3510 206 3582 Ec
227 3509 479 3606 producantur
504 3509 551 3583 ad
570 3511 626 3583 De
643 3510 680 3583 in
698 3536 722 3583 a
739 3525 776 3584 et
794 3510 826 3584 b.
879 3512 998 3583 Erunt
1016 3534 1116 3606 ergo,
1134 3533 1202 3607 per

154 3632 266 3695 art2
290 3623 400 3717 hujus
432 3624 576 3718 capitia,
609 3636 721 3697 rectae
743 3624 799 3711 cb,
830 3624 888 3711 ba,
925 3625 997 3712 αΙ),
1026 3624 1202 3697 continue

153 3736 466 3831 proportionales:
493 3748 542 3823 et,
560 3759 627 3832 per
643 3736 757 3809 Elem.
769 3737 817 3825 vi,
837 3762 941 3833 prop.
962 3744 993 3825 l,
1009 3749 1118 3809 erunt
1136 3737 1202 3808 tri-

153 3853 289 3948 angula
307 3853 418 3940 ACD,
438 3853 529 3926 ADe
547 3865 588 3926 ut
619 3854 725 3927 bases
752 3855 828 3944 OD,
847 3855 927 3927 De:
955 3868 994 3926 et
1017 3854 1203 3950 triangula

153 3967 255 4053 nce,
274 3967 363 4039 Ello
380 3966 537 4038 similia:
564 3966 709 4063 eritque
727 3968 952 4063 triangulum
968 3965 1054 4038 Ace
1072 3966 1119 4038 ad
1138 3967 1202 4039 tri·

153 4080 329 4176 angulum
341 4081 428 4153 EDc
441 4080 477 4151 in
494 4080 682 4175 duplicata
695 4081 837 4154 ratione
852 4081 902 4154 Ce
915 4080 962 4151 ad
976 4079 1045 4152 De.
1081 4080 1201 4154 Erunt

153 4218 243 4291 ergo
263 4194 325 4280 Oe,
346 4192 411 4281 ΟΙ),
431 4192 497 4280 Ca,
518 4193 582 4266 CD
601 4196 775 4266 continue
793 4191 1099 4289 proportionales

204 4329 280 4379 vu.
310 4306 598 4379 Consectarium.
628 4308 665 4379 Si
685 4330 773 4401 ergo
793 4307 829 4380 in
848 4318 949 4378 recta
964 4307 1025 4379 ΟΒ
1040 4321 1201 4402 ponatur
