2932 5054
363 418 564 475 aosarou
583 418 927 473 aaannrmrnm
1111 402 1157 485 17

113 610 139 659 a
153 585 387 674 rectitudine,
404 610 553 662 necesse
570 600 626 663 est
651 601 696 662 ut
722 590 841 685 major
870 586 1026 684 angulus
1044 587 1158 662 faciat
1201 617 1286 658 anor.
1301 617 1344 659 ιν.

114 700 291 796 majorem
308 701 555 775 curvedinem.
606 703 663 775 Ex
681 726 754 799 quo
770 702 939 799 sequitur
955 701 1156 778 curvitates
1172 684 1373 789 „ffiffi

111 835 266 887 arcuum
283 813 321 887 in
339 814 469 888 codem
486 814 624 888 circulo
642 839 721 890 esse
738 816 836 890 inter
852 839 892 890 se
910 826 953 888 ut
970 815 1106 910 anguli.
1170 809 1371 918 ffifflffi

162 947 220 1000 rv.
248 926 293 1000 ln
311 926 465 1002 diversis
487 927 633 1002 circulis
651 929 813 1003 corvedo
838 927 988 1024 majoris
1004 928 1158 1024 perime·
1170 937 1275 984 vati*

110 1039 161 1113 tri
178 1039 301 1114 minor
324 1052 381 1115 est
398 1041 595 1116 curvedine
612 1041 764 1116 minoris
780 1043 820 1116 in
837 1043 981 1116 ratione
998 1042 1091 1116 radii
1109 1041 1158 1117 ad

110 1151 269 1244 radium,
287 1153 364 1228 sive
380 1154 552 1228 diametri
568 1154 618 1229 ad
635 1154 855 1229 diametrum
872 1154 1072 1251 reciproca.
1112 1156 1156 1230 In

110 1290 248 1362 magno
275 1266 373 1339 enim
399 1267 550 1355 circulo,
578 1278 620 1341 ut
645 1267 684 1340 in
713 1268 873 1341 maximo
899 1268 1000 1340 circa
1021 1279 1158 1341 terram

110 1379 263 1468 circulo,
291 1379 486 1453 curvitudo
509 1380 558 1454 ad
584 1381 700 1455 multa
728 1380 847 1456 stadia
872 1379 1033 1454 discerni
1056 1381 1159 1455 nulla

110 1503 253 1589 potest:
279 1493 318 1566 in
335 1493 471 1567 annulo
488 1494 623 1591 ubique
640 1493 825 1568 cernitur:
851 1493 890 1566 in
914 1492 1045 1566 mediis
1068 1516 1158 1589 ergo

110 1606 274 1680 minores
291 1606 428 1682 habent
442 1608 662 1682 curvitatem
680 1609 869 1704 majorem,
883 1606 995 1704 idque
1007 1618 1158 1703 propter

108 1719 207 1794 hanc
223 1719 341 1815 ipsam
359 1743 519 1809 oausam,
536 1721 635 1817 quod
653 1720 833 1795 diameter
850 1719 971 1793 minor
993 1729 1061 1794 ast.
1113 1718 1159 1793 Id

106 1832 213 1931 quod
228 1832 369 1906 lumine
384 1834 546 1907 naturali
562 1833 798 1908 manifestum
815 1843 885 1908 est.

160 1968 201 2020 v.
229 1945 368 2019 Eadem
388 1946 529 2020 chorda
549 1947 672 2044 aliqua
691 1948 740 2042 (si
763 1947 859 2021 ratio
886 1970 994 2022 arcus
1017 1945 1058 2018 in
1087 1945 1158 2018 cir-

110 2059 355 2134 cumferentia
371 2059 420 2132 ad
435 2061 687 2157 perimetrum‚
706 2071 744 2136 et
760 2059 855 2135 radii
871 2059 922 2133 ad
937 2059 1093 2146 radium,
1111 2058 1160 2132 sit

109 2171 258 2267 adem)
291 2173 468 2267 majorem
501 2173 710 2269 portionem
741 2172 933 2246 subtendit
967 2170 1157 2268 perimetri

110 2310 187 2361 suae
210 2309 321 2382 quam
346 2285 536 2381 perimetri
560 2287 722 2383 majoris,
739 2310 807 2384 pro
838 2287 981 2360 ratione
1007 2284 1158 2382 majoris

109 2398 300 2498 perimetri
317 2398 366 2472 ad
382 2399 574 2473 minorem.
626 2400 746 2474 Causa
768 2399 866 2474 enim
890 2423 1004 2497 quare
1028 2398 1157 2473 eadem

108 2523 215 2586 recta
231 2512 409 2607 majorem
426 2512 617 2588 subtendit
634 2524 779 2610 partem
796 2512 950 2585 minoris
967 2511 1157 2608 perimetri

110 2650 224 2722 quam
241 2625 403 2720 majoris,
420 2626 531 2700 unica
547 2639 585 2701 et
609 2626 809 2701 essentialis
827 2636 884 2699 cst
908 2626 1059 2700 minoris
1082 2650 1157 2699 ma·

107 2740 168 2836 jor
185 2736 359 2811 curvitas.
411 2738 540 2835 ltaque
558 2738 590 2813 si
607 2739 766 2813 curvitas
789 2739 830 2812 in
851 2739 1082 2813 semicirculo
1102 2739 1158 2832 (in

110 2849 343 2925 semicirculo
375 2850 470 2941 dico,
493 2853 580 2950 quia
607 2853 765 2927 curvitas
787 2853 979 2950 perimetri
1008 2853 1158 2926 alterius

110 2966 300 3040 contraria
315 2964 485 3062 procedit
500 2967 582 3051 via;
610 2978 648 3041 et
675 2978 872 3063 propterea
895 2966 1079 3040 subtensae
1102 2989 1159 3038 ar-

111 3102 235 3168 cuum,
253 3103 436 3176 quaecum
460 3080 549 3176 ipsis
567 3081 675 3155 simul
693 3082 919 3169 crescebant,
936 3079 1035 3153 ultra
1051 3080 1159 3152 semi-

111 3192 294 3266 circulum
311 3192 542 3287 dccrescunt)
559 3195 711 3269 minoris
740 3218 847 3268 arcus
872 3192 921 3266 ad
938 3194 1158 3267 curvitatem

111 3306 263 3403 majoris
281 3305 330 3379 sit
346 3318 389 3379 ut
405 3314 429 3379 8
447 3306 495 3378 ad
511 3310 548 3396 7,
566 3307 705 3381 chorda
717 3331 799 3403 quae
810 3306 998 3380 subtendit
1015 3318 1158 3402 partem

111 3431 284 3492 octavam
301 3417 464 3513 majoris,
477 3421 675 3494 subtendet
687 3433 831 3517 partem
845 3420 1038 3515 septimam
1050 3420 1158 3493 semi-

110 3532 302 3629 perimetri
320 3531 484 3605 minoris.

161 3668 222 3720 vr.
249 3647 378 3743 ltaque
395 3646 506 3719 etiam
519 3646 676 3742 angulus
693 3646 732 3719 in
749 3645 1046 3719 circumferentia
1062 3645 1159 3742 peri-

112 3760 222 3833 metri
241 3758 392 3832 minoris
413 3760 514 3855 (quia
531 3760 716 3832 subtensae
729 3772 815 3832 sunt
832 3760 1004 3856 aequales)
1022 3759 1093 3831 erit
1110 3758 1158 3831 ad

111 3873 290 3970 angulum
308 3872 345 3946 in
364 3874 503 3969 majore
525 3873 735 3969 perimetro,
753 3885 796 3947 ut
818 3874 1015 3969 perimeter
1042 3875 1160 3969 major

112 3984 162 4060 ad
178 3986 373 4059 minorem.
