2932 5054
521 1117 882 1201 PRAEFATIO.

604 1351 802 1359 ——u—

604 1364 802 1376 *α

506 1591 674 1636 LECTORI
704 1592 896 1636 saturent.

173 1730 226 1796 Eu
252 1730 322 1809 tibi,
348 1731 448 1799 lector
472 1732 636 1810 benevole,
662 1731 855 1798 Hrsrorunu
880 1731 1185 1809 Eccnnemsrrcnm
1208 1753 1273 1799 non

129 1873 148 1914 a
169 1850 332 1927 monacho,
356 1874 420 1917 non
435 1874 454 1915 a
468 1850 600 1928 clerico3
624 1852 678 1917 sed
693 1852 836 1928 alibero,
851 1876 871 1918 a
885 1851 1071 1939 philosopho
1092 1850 1230 1930 homine,
1252 1874 1273 1917 a

128 1969 255 2037 Th0ma
277 1971 407 2036 Hobbio
429 1969 706 2037 Malmesburiensi
728 1970 910 2038 conflatam:
941 1972 997 2057 qui
1019 1993 1124 2057 neque
1145 1971 1271 2049 echoloe,

127 2111 232 2173 neque
247 2099 351 2166 sectae,
367 2111 472 2173 neque
486 2090 639 2175 partibus,
652 2113 757 2175 neque
772 2089 932 2178 magistris
942 2091 1065 2179 juravit
1078 2091 1221 2177 uspiam3
1238 2100 1272 2156 et

127 2207 179 2272 cni
197 2217 268 2273 tuto
290 2208 399 2274 credas
421 2208 601 2275 decurrenti
622 2208 708 2274 hunc
729 2231 886 2295 campum,
902 2210 958 2276 ubi
973 2210 1020 2275 illi
1035 2232 1140 2296 neque
1154 2209 1272 2276 seritur

126 2348 231 2410 neque
243 2326 375 2392 metitur
388 2326 498 2392 hilum.

170 2444 248 2511 Non
272 2444 340 2511 haec
361 2445 490 2533 juvenis
514 2446 607 2513 lusit:
639 2447 694 2513 sed
718 2448 799 2514 bene
825 2469 933 2524 senex,
960 2470 1017 2533 per
1042 2457 1143 2513 totam
1169 2447 1269 2514 vitam

126 2565 274 2652 cogitata,
292 2565 359 2652 jam
381 2565 510 2633 tandem
533 2567 676 2633 versibus
697 2566 796 2653 ligata
816 2565 938 2631 maluit.
992 2565 1109 2632 Phoebi
1131 2568 1268 2645 oracula,

124 2681 235 2769 primae
249 2683 336 2770 leges
352 2683 511 2750 versibus:
535 2707 658 2750 necnon
673 2685 794 2771 primus
809 2684 950 2770 sapiendi
969 2686 1130 2773 magister,
1144 2685 1269 2773 Pytha·

124 2825 226 2889 goras,
243 2803 288 2867 nil
303 2803 364 2869 nisi
379 2803 518 2870 carmine
533 2804 688 2871 sancitum
705 2804 815 2870 voluit

166 2920 338 2987 Limatiori
366 2944 460 2988 versu
489 2924 656 2988 Fastorum
685 2924 782 2990 libros
808 2920 954 3000 Ovidius,
979 2932 1012 2989 et
1041 2922 1095 2988 alii
1120 2923 1268 2990 historias

123 3063 239 3128 pompa
268 3041 405 3126 quadam
435 3052 469 3107 et
497 3042 623 3109 heroico
651 3043 729 3108 flatu
758 3051 919 3110 tumentes
947 3041 1171 3129 procuderunt
1217 3044 1267 3108 At

124 3166 202 3249 quin
217 3165 321 3243 liceat,
339 3165 477 3231 Horatio
492 3166 582 3244 duce,
597 3167 767 3250 aliquando
783 3166 857 3231 dare
871 3166 1004 3230 sermoni
1021 3167 1209 3252 propriora:
1233 3174 1267 3230 et

123 3284 234 3351 iisdem
251 3287 373 3364 avibus,
389 3287 538 3351 ridentem
552 3287 652 3351 dicare
666 3290 793 3350 aeream!

164 3403 285 3469 Visum
306 3414 356 3469 est
377 3428 427 3470 res
451 3402 571 3470 Christi
594 3414 627 3467 ct
653 3426 725 3487 quae
751 3402 929 3470 Piscatores
955 3404 1089 3470 docuere
1115 3402 1265 3469 tractanti

121 3524 274 3589 humilem
286 3524 405 3611 stylum
421 3522 522 3610 magis
537 3522 683 3587 idoneum
700 3545 776 3599 esse,
788 3535 821 3588 et
836 3524 1027 3610 popularem.
1073 3523 1119 3588 Et
1133 3522 1265 3609 proinde

121 3645 208 3709 nuda
230 3643 443 3730 indigenaque
467 3643 670 3729 simplicitate
694 3643 799 3709 omnia
822 3644 936 3721 fluunt,
959 3644 1003 3710 sic
1025 3653 1062 3709 ut
1087 3643 1175 3709 nulla
1200 3667 1263 3709 vox

122 3784 194 3845 quae
209 3785 273 3827 non
288 3761 446 3827 memorie
461 3784 598 3847 praesens
620 3762 822 3848 paratiorque
837 3762 888 3841 eit,
905 3763 938 3826 in
954 3786 1080 3828 versum
1095 3762 1201 3830 venit:
1225 3772 1264 3828 ut

120 3883 165 3969 pii
193 3882 344 3966 doctique
370 3881 440 3958 viri,
470 3881 551 3947 alter
576 3882 785 3947 Eaeliridioa
807 3883 913 3959 Fidei,
939 3882 1020 3948 alter
1042 3884 1262 3968 Mnemosynen

120 4000 287 4078 Bellicam,
302 4000 384 4066 alter
397 4001 581 4066 Memoriale
594 4000 761 4078 Billicam,
777 4011 811 4066 et
832 4000 864 4065 id
885 4024 985 4087 genus
1007 4002 1174 4067 carminice
1189 4024 1262 4088 pro-

120 4119 185 4184 lata
210 4118 460 4195 concinnanmt3
491 4142 555 4184 non
577 4119 639 4184 alio
668 4120 740 4197 fine,
764 4143 859 4204 quam
886 4129 924 4185 ut
949 4121 1105 4186 memoriae
1130 4121 1260 4186 inservi-

119 4253 216 4306 retur.
247 4239 369 4307 Noster
383 4238 510 4324 quidem
527 4239 608 4305 mole
619 4263 723 4306 rerum
740 4250 877 4306 mentem
893 4252 1074 4327 occupatus,
1086 4251 1119 4308 et
1129 4241 1261 4308 materia
