2932 5054
450 436 643 494 CENSUBA
662 436 826 493 BREVIS.
1100 424 1155 491 65

163 603 272 679 Dicet
286 601 455 694 fortasse,
472 604 572 702 qnod
589 606 703 681 rerba
717 608 797 702 ejus
823 627 898 681 non
918 615 1020 680 recte
1035 606 1148 680 inter-

110 729 251 816 pretor.
301 717 395 792 (lum
412 717 511 792 enim
526 719 621 792 ratio
635 719 718 816 ipsa
733 719 783 792 sit
794 718 989 815 quantitas,
1001 730 1039 793 et
1054 718 1150 794 ratio

111 854 190 903 una
208 854 284 906 nna
296 831 495 928 quantitas,
505 842 543 906 et
555 831 678 928 plnres
694 833 856 907 rationes
871 832 1026 907 totidem
1038 857 1152 931 quan·

109 943 262 1018 titates:
288 968 367 1033 cur,
384 944 540 1042 inquies,
563 969 638 1019 non
667 946 789 1041 potuit
813 968 882 1042 pro
908 969 983 1019 una
1008 946 1151 1020 ratione

110 1079 251 1154 ponere
269 1069 512 1154 exponentem
533 1081 644 1131 unam
660 1057 806 1132 literam
816 1058 862 1147 A,
874 1081 943 1154 pro
959 1059 1078 1133 altera
1092 1058 1151 1132 El

112 1170 379 1266 Respondebis,
395 1171 570 1266 potuisse.
622 1171 695 1245 Sed
711 1172 872 1245 rationes
888 1171 987 1245 inter
999 1195 1039 1246 se
1053 1182 1152 1246 certe

112 1281 359 1379 multiplicare
376 1305 451 1356 non
467 1283 599 1380 potuit
654 1283 841 1381 Quicquid
863 1283 961 1357 enim
977 1284 1153 1381 multipli-

110 1405 233 1485 catur,
254 1417 321 1491 per
345 1416 537 1467 numerum
565 1393 843 1491 multiplicatur.
893 1396 941 1469 Et
957 1395 988 1468 si
1005 1396 1094 1492 quid
1109 1397 1153 1470 fit

111 1531 161 1582 ex
194 1506 312 1581 ductu
339 1508 588 1604 quantitatum
616 1508 888 1598 continuarum,-
916 1504 1154 1583 efficientium

111 1620 272 1695 alterum
289 1620 361 1696 erit
375 1621 484 1696 linea
537 1621 696 1697 Quodsi
713 1621 868 1696 duarum
884 1622 1066 1696 rationum
1080 1624 1156 1716 (ex-

111 1732 228 1831 empli
243 1756 364 1824 cansa,
381 1743 405 1809 2
422 1734 471 1808 ad
488 1744 524 1823 ³,
541 1743 614 1808 etl
633 1734 682 1809 ad
694 1733 734 1828 7)
755 1745 914 1831 quatuor
929 1734 983 1811 illi
999 1737 1153 1823 numeri,

113 1846 192 1921 sire
209 1847 445 1943 quantitates,
471 1847 683 1922 scribantur
697 1848 737 1920 in
753 1846 872 1921 forma
888 1846 1045 1922 duarum
1060 1849 1156 1922 frao-

112 1959 272 2050 tionum,
287 1960 360 2034 ltoc
376 1958 488 2034 modo
505 1957 553 2053 ξ,
566 1958 612 2057 ;-,
628 1959 864 2056 multiplicari
891 1959 989 2034 inter
1007 1983 1048 2035 se
1072 1985 1156 2057 pos-

113 2084 215 2163 sunt,
232 2085 272 2146 et
287 2072 424 2147 faciem
438 2068 493 2166 ᾗ.
542 2073 592 2146 Et
620 2073 716 2147 ratio
738 2080 762 2147 8
779 2073 828 2146 ad
843 2082 905 2162 at,
923 2074 1158 2170 componitur

113 2208 163 2258 ex
188 2185 393 2259 rationibus
419 2195 442 2259 2
467 2183 516 2260 ad
536 2194 572 2275 3,
598 2194 680 2259 etl
709 2184 758 2259 ad
787 2187 823 2268 7.
876 2185 950 2259 Sed
979 2208 1098 2283 neque
1117 2185 1155 2278 ξ,

113 2318 237 2394 neque
251 2295 288 2394 ξ,
305 2295 554 2394 neque-5⁸1-est
569 2298 677 2384 ratio,
691 2297 757 2372 sed
774 2299 959 2394 quantitas
976 2299 1156 2373 absoluta.

115 2411 248 2506 ltaque
274 2409 315 2484 id
340 2408 442 2507 qnod
466 2408 639 2486 Euclides
661 2420 772 2484 vocat
799 2411 985 2485 rationum
1011 2411 1157 2508 quanti-

114 2533 225 2613 tates,
256 2534 344 2598 snnt
380 2535 689 2620 comparaturum,
728 2544 805 2597 non
842 2524 1157 2620 comparationum

114 2636 353 2734 quantitates.
403 2635 524 2710 Causa
551 2636 665 2732 igitur
694 2656 809 2732 quare
841 2636 1045 2732 propositio
1068 2659 1158 2711 vera

115 2760 188 2837 est,
204 2772 280 2824 non
296 2761 354 2825 est
369 2749 534 2824 definitio
552 2749 615 2824 illa
632 2749 761 2846 quinta
774 2748 890 2822 Elem.
902 2749 953 2836 vi,
968 2759 1080 2846 prout
1096 2751 1158 2825 ille

118 2888 203 2939 eam
242 2863 427 2960 intelligit,
457 2862 523 2937 sed
548 2863 664 2937 Elem.
682 2863 719 2936 vi
736 2862 936 2959 propositio
957 2873 1018 2953 23,
1047 2887 1158 2960 quam

116 2976 182 3053 ille
209 2976 439 3073 transcripsit
471 2976 667 3051 Ghebriee.
719 2976 800 3073 Ego
817 3000 906 3050 vero
934 2974 1100 3065 eandem,
1116 2987 1160 3050 ut

117 3090 234 3180 rides,
252 3113 298 3164 ex
320 3089 401 3186 ipsa
425 3089 639 3163 definitione
663 3088 921 3163 demonstravi.
975 3090 1159 3163 Caeterum

117 3203 300 3279 hactenus
326 3202 555 3277 excusandus
577 3202 755 3277 Wallius*
781 3213 850 3292 est,
880 3201 980 3300 quod
1009 3202 1159 3275 Clarius

119 3315 372 3391 definitionem
403 3315 514 3404 illam,
538 3326 577 3388 et
603 3314 854 3389 definitionem
880 3315 1034 3388 rationis
1060 3313 1159 3411 apud

120 3427 328 3518 Euclidem,
345 3451 420 3502 non
438 3427 568 3502 melius
586 3428 766 3502 intellexit
783 3451 892 3524 qnam
910 3428 983 3501 ille.

471 3676 721 3730 Pnoposmo
741 3676 804 3729 111.

177 3790 253 3866 Uti
274 3791 375 3865 ratio
400 3814 446 3863 ea
469 3789 613 3864 duoles
639 3790 879 3891 componitur,
898 3791 992 3865 data
1015 3814 1160 3888 compo-

119 3905 210 3993 tita,
228 3915 266 3978 et
283 3904 569 4002 componentium
586 3930 670 3995 nnn,
688 3906 802 3979 datur
818 3905 952 3978 altera.
1005 3904 1158 4003 Nempe,

119 4019 240 4093 diuiso
255 4027 459 4116 exponente
475 4019 687 4116 compositae
706 4042 779 4116 per
797 4018 899 4091 datm
915 4019 1160 4115 componentia

119 4141 371 4230 exponentem,
384 4130 817 4230 athabeatnrenponens
832 4131 989 4228 reliqum.
1052 4130 1159 4205 Simi-

502 4369 519 4404 *
536 4367 585 4428 Sic
598 4368 666 4428 edit.
686 4366 770 4429 1671.

219 4474 313 4527 VOL·
335 4473 375 4524 V·
1038 4473 1060 4524 F

1193 633 1277 675 PROP.
1292 632 1325 674 11.

1190 699 1333 736 n-f-ae
