2918 5054
460 443 700 497 anacrarns
721 445 910 499 0P'rlcus.
1128 429 1201 506 237

151 607 200 680 tis
215 606 274 697 bd,
291 607 356 681 BD
374 608 505 683 iisdem
523 610 635 683 radiis
654 637 710 701 oc,
726 613 791 687 Ac
810 613 1023 711 aequalibus,
1042 613 1201 710 comple·
1244 641 1326 682 reor.
1342 641 1384 682 xr.

151 732 264 792 antur
286 722 628 819 parallelogramma
646 725 755 817 alred,
774 727 918 802 ABCD.
971 728 1101 824 Sitque
1127 751 1202 799 me·
1240 711 1383 745 *β

152 832 253 907 diurn
280 836 379 931 quod
405 847 462 909 est
488 837 595 926 infra,
621 837 741 927 chB,
775 840 890 939 (quod
919 865 1011 915 voco
1040 841 1202 914 medium

155 2645 387 2740 secundum),
405 2669 481 2720 non
499 2647 663 2744 ejusdem
681 2658 824 2719 naturae
841 2669 925 2719 cum
952 2644 1073 2719 medio
1099 2649 1198 2744 quod

155 2774 211 2835 est
238 2784 350 2856 supra
377 2760 491 2855 (quod
517 2785 608 2834 voco
632 2760 794 2833 medium
820 2759 1020 2855 primum):
1047 2760 1112 2832 sed
1141 2762 1200 2833 vel

155 2873 316 2961 densius,
335 2872 405 2945 hoc
424 2884 480 2945 est
507 2873 637 2970 inquo
659 2872 799 2945 tardior
817 2871 864 2944 sit
887 2873 1105 2968 propagatio
1123 2897 1200 2946 mo·

154 2998 226 3070 tua,
237 2985 295 3058 vel
312 2985 441 3073 rariua
460 2985 531 3057 hoc
549 2986 659 3058 estin
677 3010 749 3081 quo
767 2984 928 3057 velocior
945 2984 992 3056 sit
1017 3008 1199 3081 propaga-

154 3099 208 3173 tio
219 3108 351 3171 motus.
389 3098 445 3172 Sit
458 3099 535 3194 jam
550 3122 764 3195 progressus
781 3099 873 3172 lucis
891 3098 929 3170 in
943 3097 1064 3170 medio
1078 3099 1198 3194 primo

155 3212 193 3284 in
220 3210 336 3284 altera
360 3211 509 3307 quidem
539 3212 776 3285 inclinatione
802 3222 906 3284 recta
931 3235 990 3298 ac,
1018 3211 1057 3284 in
1082 3211 1200 3286 altera

156 3348 243 3396 vero
262 3336 362 3396 recta
379 3323 464 3396 AO:
490 3324 549 3397 vel
576 3325 606 3397 si
623 3348 858 3421 progressum
884 3325 983 3397 hunc
999 3324 1092 3398 lucis
1109 3325 1198 3398 veli-

155 3461 236 3510 mus
253 3460 463 3509 mensurare
481 3436 519 3508 in
537 3437 830 3532 perpendiculari
847 3437 892 3510 ad
916 3437 1065 3533 planum
1078 3436 1198 3528 cerB,

156 3550 204 3622 sit
217 3549 255 3621 in
273 3549 389 3621 altera
406 3549 642 3622 inclinatione
660 3550 720 3635 ok,
738 3552 776 3624 in
793 3550 911 3622 altera
927 3550 1008 3622 ΑΚ.
1062 3550 1120 3623 sit
1136 3575 1197 3624 au·

155 3675 231 3734 tem
248 3685 463 3757 progressus
482 3662 573 3734 lucis
591 3664 629 3735 in
646 3663 768 3736 medio
786 3663 946 3736 secundo
965 3662 1094 3736 eodem
1108 3677 1198 3737 tem-

155 3798 244 3870 pore
272 3775 389 3870 major
414 3775 472 3846 vel
503 3776 623 3849 minor
651 3801 760 3872 quarn
789 3778 827 3849 in
855 3777 986 3873 primo,
1018 3777 1056 3849 in
1084 3777 1200 3851 altera

156 3887 303 3985 quidem
317 3887 554 3960 inclinatione
572 3888 625 3978 be,
638 3891 778 3963 scilicet
791 3889 822 3963 si
840 3890 987 3962 densius
1004 3889 1052 3961 sit
1069 3912 1198 3962 secun-

157 4001 243 4074 dnm
262 3999 423 4073 medium
442 4026 549 4097 quam
568 4003 740 4098 primurn,
757 4003 814 4076 vel
837 4001 885 4099 bf
893 4003 924 4075 si
942 4003 1071 4076 rarius,
1122 4003 1200 4076 Aut

156 4114 187 4185 si
205 4114 358 4186 velimus
375 4136 609 4209 progressum
627 4116 725 4189 hunc
743 4138 955 4189 mensurare
980 4115 1019 4186 in
1041 4138 1199 4211 perpen-

156 4227 311 4301 diculari
329 4227 376 4299 ad
400 4226 550 4321 planum
568 4226 689 4317 chB,
709 4230 757 4302 sit
781 4228 817 4301 ie
833 4251 1050 4325 progressus
1073 4228 1134 4301 ille
1159 4229 1199 4303 in

157 4339 317 4414 densiori
335 4340 467 4429 medio,
484 4340 547 4439 gf
565 4343 603 4414 in
621 4343 772 4416 rariori:
799 4343 837 4415 in
855 4341 971 4416 altera
998 4353 1133 4430 autem,
1152 4345 1199 4415 sit
