2932 5054
426 414 665 468 nnncvnrus
687 414 874 468 orrrcus.
1094 399 1167 466 223

124 608 209 681 quae
225 607 248 657 a
265 584 364 657 linea
389 583 481 656 lucis
499 583 675 656 continua
690 581 925 680 protrusione
942 577 1167 669 derivantur,
1210 609 1292 649 mor.
1309 607 1350 648 ιν.

125 698 251 794 quales
285 707 371 770 sunt
399 697 475 788 OD,
489 698 550 770 EF
584 708 669 786 etc,
696 718 991 792 unamquamque
1023 692 1168 790 appello
1213 676 1351 712 '‘⁹“

126 811 261 885 lineam
277 811 368 884 lucis
385 834 544 908 eousque
554 818 826 909 propagatam.

203 1019 336 1072 CAUSA
355 1018 533 1071 PHYSIOA
554 1017 780 1071 RADIORUM
801 1014 1091 1070 DIRBCTORUM.

177 1135 486 1233 Quandoquidem
513 1135 638 1209 radius
668 1135 779 1208 habet
809 1146 884 1207 tres
911 1131 1169 1220 dimensionem

127 1249 254 1323 demus
269 1250 338 1347 ipsi
352 1249 622 1347 perspicuitatis
634 1249 754 1344 gratia
766 1246 997 1321 latitudinem
1009 1245 1170 1341 aliquam

125 1364 327 1438 notabilem
349 1364 438 1436 AB:
463 1363 736 1460 perspicuitatis
760 1362 910 1458 inquam
933 1359 1065 1455 gratia,
1084 1358 1170 1455 quia

126 1477 251 1551 radius
269 1500 292 1549 a
309 1476 460 1550 minimo
477 1475 600 1549 lucido
615 1475 799 1549 derivatus
814 1485 870 1547 est
885 1471 1118 1560 insensibilis,
1131 1482 1169 1544 et

126 1600 250 1663 tamen
268 1589 404 1663 radice.

175 1704 259 1776 Jam
282 1702 313 1775 si
333 1700 400 1774 AB
422 1700 617 1798 protrudat
646 1712 731 1774 aute
770 1758 784 1786 ,

127 1839 166 1888 se
196 1815 308 1889 medii
341 1826 485 1912 partem
514 1815 584 1887 sibi
610 1814 734 1911 proxi·
881 1902 896 1912 ,

128 1952 225 2002 mam
259 1952 385 2002 versus
421 1928 484 2001 CD
529 1928 629 2001 omni
668 1941 772 2001 suo·
810 1920 913 1999 ΝΟ

127 2054 265 2139 puncto
308 2065 412 2138 aeque
446 2041 632 2130 velociter,
672 2065 735 2113 ne·
770 2108 782 2137 ὓ

129 2179 229 2229 cesse
247 2164 357 2227 estut
375 2153 604 2227 describatur
616 2153 734 2249 paral-

128 2269 420 2365 lelogrammum,
443 2267 519 2340 sive
547 2265 671 2339 radius
690 2266 863 2358 directus,
882 2270 974 2343 AD:
993 2283 1171 2370 tanquam

129 2384 160 2456 si
183 2383 249 2455 AB
277 2394 374 2454 esset
398 2381 495 2453 latus
523 2378 680 2476 cylindri
702 2380 859 2455 volutati
887 2384 933 2457 ab
958 2383 1027 2457 AB
1045 2410 1171 2460 versus

130 2495 205 2569 CD.
259 2494 445 2569 Quamdiu
470 2505 593 2567 autem
619 2493 781 2568 medium
805 2497 988 2571 uniforme
1014 2513 1081 2589 est,
1099 2501 1170 2575 hoc

129 2621 197 2699 est,
215 2631 319 2704 aeque
333 2608 468 2703 ubique
485 2607 719 2703 permeabile,
737 2608 838 2681 nulla
855 2612 950 2683 ratio
969 2614 1170 2709 excogitari

128 2731 252 2819 potest
270 2744 382 2817 quare
403 2721 466 2793 AB
484 2744 559 2792 non
575 2733 799 2817 propagaret
816 2735 958 2796 motum
983 2728 1083 2799 omni
1105 2752 1171 2801 sua

129 2847 235 2931 parte
252 2858 354 2930 aeque
373 2832 554 2906 velocem:
580 2832 736 2929 ideoque
755 2835 849 2906 ratio
869 2847 984 2931 patet,
1002 2861 1114 2933 quare
1131 2841 1170 2913 in

130 2947 260 3021 eodem
276 2945 396 3019 medio
415 2945 539 3018 radius
557 2968 700 3041 semper
718 2955 774 3018 est
792 2946 965 3021 directus.
1010 2951 1122 3024 Quod
1139 2953 1171 3025 si

129 3061 195 3134 AB
214 3085 288 3134 non
305 3071 516 3132 moveretur
533 3058 633 3131 omni
658 3083 724 3131 sua
741 3071 845 3156 parte
863 3085 965 3157 aeque
983 3064 1169 3153 velociter,

129 3174 194 3247 sed
211 3173 451 3270 inaequaliter,
468 3181 558 3267 puta
574 3195 641 3267 pro
659 3172 801 3244 ratione
816 3185 927 3246 rectae
944 3174 1009 3246 ΑΕ
1027 3176 1075 3248 ad
1091 3201 1170 3250 rec-

129 3300 205 3361 tam
234 3288 306 3373 BF,
336 3309 410 3358 nou
438 3284 702 3381 propagabitur
724 3297 847 3358 motus
875 3310 942 3382 per
969 3288 1066 3361 viam
1095 3291 1171 3363 sive

131 3402 288 3498 spatium
306 3398 689 3496 parallelogrammum
712 3398 856 3488 ABCD,
874 3424 992 3498 neque
1020 3402 1090 3476 erit
1111 3404 1173 3477 EF

131 3515 228 3587 linea
252 3513 345 3586 lucis
361 3523 590 3608 propagata:
617 3511 669 3583 sic
694 3511 792 3583 enim
809 3512 887 3600 AB,
907 3538 1016 3610 quam
1040 3539 1171 3614 suppo·

131 3627 252 3700 nimus
270 3649 349 3699 esse
367 3626 406 3698 in
424 3625 580 3697 materia
603 3624 825 3714 tenuissima,
844 3626 1108 3702 distraheretur
1134 3630 1173 3703 in

132 3741 375 3837 quantitatem
391 3762 471 3812 sese
488 3739 676 3833 majorem.
729 3738 782 3812 Ut
799 3739 957 3814 sciamus
969 3754 1095 3815 autem
1106 3767 1174 3840 per

132 3876 241 3950 quam
252 3852 348 3925 viam
366 3851 630 3948 propagabitur
648 3862 769 3924 motus
787 3852 848 3926 hic
866 3854 913 3927 ab
929 3855 994 3928 ΑΒ
1012 3856 1175 3952 inaequa-

131 3968 188 4054 lis,
205 3979 376 4063 putemus
393 3966 510 4062 ipsam
533 3965 599 4037 AB
624 3988 714 4054 esse,
734 3989 809 4038 non
826 3978 869 4040 nt
887 3980 972 4041 ante
998 3968 1093 4042 latus
1111 3993 1174 4064 cy-

131 4079 253 4168 lindri,
282 4078 348 4153 sed
376 4078 472 4151 latus
494 4077 603 4151 frusti
633 4079 728 4168 coni,
757 4080 926 4154 habentis
955 4081 1174 4156 diametrum

131 4194 281 4288 majoris
297 4192 395 4266 basis
413 4192 490 4277 An,
507 4191 659 4264 minoris
676 4215 764 4264 vero
792 4193 864 4266 BF.
914 4195 996 4267 Jam
1024 4195 1053 4268 si
1079 4195 1174 4270 frus-

132 4319 211 4379 tum
229 4307 300 4380 hoc
323 4306 407 4380 coni
425 4305 673 4402 provolvatur,
691 4305 818 4379 circuli
835 4307 978 4381 basium
996 4310 1074 4404 ejus
1092 4323 1173 4384 tan-
