2932 5054
443 444 633 500 censuim
651 444 817 498 nuuvrs.
1103 432 1151 499 83

111 611 455 689 comdiis-Graue
485 613 696 687 tantundem
730 611 920 686 utemur
944 602 1082 711 quanto
1095 614 1358 708 fitnnornxvnr.

112 737 226 801 terrae
236 736 363 802 centro
370 726 542 827 propina,
549 726 725 826 grauium
735 725 930 800 descensus
933 725 1067 825 pollet,
1079 738 1149 801 etc.

111 840 253 913 Vitium
284 840 440 938 denique
470 841 842 914 demonstrationibus
872 841 950 936 ejus
980 841 1150 915 omnibus

111 976 307 1027 commune
320 968 375 1027 est
389 955 602 1038 obscuritas,
617 977 691 1026 uon
706 953 789 1027 dico
804 964 956 1050 propter
972 955 1148 1050 symbola,

111 1067 178 1141 sed
193 1078 345 1164 propter
362 1090 568 1140 sermonem
585 1068 717 1163 ipsum.

162 1180 258 1252 Item
269 1190 420 1276 propter
432 1181 567 1276 ubique
584 1180 808 1254 inculcatum
819 1178 965 1253 coeteris
975 1179 1148 1278 poribus,

111 1293 319 1366 doctrinam
337 1317 440 1366 suam
462 1293 607 1390 redegit
625 1303 742 1367 totam
759 1292 805 1367 ad
824 1294 919 1366 hunc
935 1318 1045 1367 unam
1063 1318 1149 1390 pro-

110 1406 345 1503 positionem,
371 1406 421 1479 Ut
437 1415 495 1480 eat
512 1416 525 1481 l
544 1407 600 1480 ud
619 1415 650 1496 l,
664 1406 720 1480 ita
734 1415 792 1480 est
805 1416 827 1480 2
839 1407 894 1480 ad
901 1416 936 1496 2,
953 1416 990 1480 et
1006 1415 1029 1480 3
1047 1409 1102 1482 ad
1112 1419 1148 1498 3,

111 1527 150 1591 et
167 1526 229 1591 m3
246 1519 301 1592 ud
316 1530 376 1592 ωδ
395 1529 466 1593 etc.

163 1632 256 1705 Item
273 1632 491 1730 interposito
504 1631 638 1728 ubique
655 1631 808 1705 mutatis
823 1630 1018 1719 mutandis,
1032 1641 1150 1705 trans-

111 1743 184 1818 fert
200 1745 324 1818 omnia
340 1770 362 1819 a
379 1745 542 1842 pondere
559 1745 607 1819 ad
619 1745 691 1817 vim
709 1746 749 1818 in
765 1767 911 1842 genere.
946 1744 1150 1818 Prudenter

112 1856 196 1930 hoc.
247 1857 350 1931 Nihil
376 1858 475 1931 enim
504 1869 580 1931 tam
607 1857 740 1931 falsum
772 1868 840 1944 est,
867 1856 965 1953 quod
998 1858 1149 1930 mutatis

111 1969 299 2045 mutandis
316 1994 392 2044 non
415 1972 481 2045 fiat
496 1995 636 2045 verum.
688 1971 732 2043 In
759 1970 1008 2067 propositione
1034 1970 1148 2043 totius

112 2083 198 2157 libri
210 2083 351 2171 ultima,
362 2083 479 2158 videri
489 2085 566 2159 vult
579 2084 784 2182 intelligere
795 2082 1037 2157 differentiam
1052 2083 1151 2156 inter

112 2194 249 2269 libram
259 2207 298 2271 et
311 2205 503 2286 stateram,
514 2221 596 2294 quae
608 2198 710 2272 nulla
723 2211 795 2283 est;
809 2198 881 2271 nisi
893 2197 991 2295 quod
1003 2206 1149 2271 statera

111 2307 504 2397 sit,inexaminatione
514 2309 729 2406 ponderum,
740 2310 873 2383 abusus
883 2308 1031 2407 quidam
1041 2308 1151 2383 librae

112 2419 321 2517 compendii
350 2445 461 2495 causa
486 2422 686 2496 tolerabilis
715 2423 754 2496 in
781 2422 1047 2519 ponderatione
1072 2447 1149 2496 car·

112 2534 229 2624 nium,
246 2544 286 2608 et
301 2535 456 2608 aliarum
480 2558 603 2608 rerum
626 2560 703 2609 non
726 2537 852 2631 magui
867 2535 995 2631 pretii;
1021 2536 1060 2608 in
1077 2560 1150 2632 qua

111 2647 391 2745 ponderatione,
409 2649 590 2745 particula
614 2649 756 2722 brachii
775 2649 874 2722 ultra
890 2648 1033 2746 pondus
1050 2672 1150 2721 com-

111 2786 224 2836 muue
251 2785 460 2851 excurrens,
488 2763 715 2860 emptoribus
741 2762 1007 2860 aliquantulum
1033 2761 1148 2852 addit,

111 2875 212 2975 quod
229 2875 416 2948 nesciebat
431 2874 506 2948 ille.

161 2987 306 3061 Octava
320 2987 384 3060 illa
398 2987 601 3085 propositio
615 2986 744 3083 capitis
762 2987 882 3083 primi,
894 3010 1003 3083 quam
1019 2986 1149 3060 falsam

111 3124 193 3174 esse
210 3111 397 3174 ostensum
417 3110 472 3173 est
494 3123 560 3173 suo
577 3100 672 3186 loco,
689 3098 817 3172 infecit
832 3123 858 3172 x
875 3109 912 3172 et
928 3100 1003 3172 xvii
1020 3100 1149 3194 capitis

112 3213 290 3309 ejusdem.
328 3212 397 3285 Hae
413 3224 488 3286 tres
503 3213 711 3287 infecerunt
727 3212 775 3302 vi,
792 3237 878 3299 xxv,
896 3213 1006 3302 xxvii,
1024 3212 1148 3301 xxviii,

111 3326 214 3413 xxix,
231 3348 316 3413 xxx,
332 3325 432 3414 xxxi,
449 3325 561 3414 xxxii,
574 3325 699 3414 xxxiii,
712 3324 824 3399 xxxiv
837 3325 966 3420 capitis
985 3324 1148 3398 secundi.

113 3439 187 3512 Hae
203 3460 329 3510 rursus
345 3436 551 3511 infecerunt
567 3437 615 3524 iv,
625 3460 661 3523 v,
673 3462 710 3527 x,
724 3437 786 3527 xii,
800 3437 876 3527 xiii,
887 3437 961 3526 xvi,
975 3437 1075 3526 xviii,
1088 3461 1149 3523 xx,

112 3575 188 3625 xxv
204 3550 334 3647 capitis
351 3551 463 3624 tertii.

165 3664 277 3741 Quod
301 3674 425 3737 autem
451 3663 719 3760 propositiones
742 3663 831 3759 ipsae
854 3661 983 3758 capitis
1007 3661 1047 3734 iii
1073 3661 1150 3735 fere

112 3801 241 3851 omnes
270 3777 355 3871 (nisi
370 3792 559 3875 quatenus
585 3800 661 3850 non
690 3788 790 3849 recte
818 3775 1021 3849 enunciatae
1047 3778 1148 3860 sunt)

113 3891 272 3987 cognitae
281 3890 445 3964 veritatis
459 3890 545 3978 sint,
554 3913 631 3962 non
644 3889 739 3965 illius
754 3888 819 3962 sed
832 3889 985 3961 aliorum
998 3887 1153 3960 debetur

113 4003 496 4076 demonstrationibus.
550 4001 678 4097 Itaque
693 4026 775 4098 quae
792 4002 968 4074 hactenus
987 4000 1032 4072 de
1050 4012 1151 4073 motu

112 4116 241 4204 edidit,
257 4114 392 4188 nullius
408 4115 517 4210 pretii
531 4138 609 4187 esse
623 4138 772 4187 censeo:
791 4137 909 4209 neque
924 4113 1153 4186 animadver-

112 4231 216 4303 sione
234 4228 358 4325 digna,
384 4227 465 4317 nisi,
488 4228 574 4324 quia
598 4227 818 4300 videbuntur
837 4227 992 4298 fortasse
1016 4227 1152 4299 exteris

111 4367 198 4440 pars
232 4343 357 4439 aliqua
385 4365 465 4415 esse
493 4340 735 4439 philosophiae
769 4338 999 4427 oxoniensis,
1031 4365 1152 4438 operae

994 4470 1054 4525 Gi
