2932 5054
510 457 845 511 accunsmsrrcs.
1127 438 1199 516 397

159 624 295 689 Obviam
309 634 343 689 et
356 623 457 708 (docti
473 623 599 707 dicunt)
614 623 811 688 Harradicssa¹
827 623 911 688 idem
928 635 996 688 est:
1072 661 1075 666 -

204 727 310 807 Atque
326 723 401 788 hinc
415 732 465 789 est
479 724 563 788 clero
578 723 664 808 quod
681 723 795 788 Venus
809 723 912 788 omnis
927 725 1027 788 abest.

160 822 221 889 Sed
237 822 324 888 color
333 822 385 888 hic
399 822 508 900 falsus,
520 823 710 909 fugiensque
725 822 758 887 in
773 823 844 888 luce
860 822 943 888 diei:

200 921 246 986 Et
260 922 322 987 nisi
336 924 395 988 sub
410 932 536 989 noctem
553 921 662 989 fallere
677 923 805 1008 ineptus
820 932 898 988 erat.
1118 924 1202 984 1800

158 1021 329 1107 Ingeniosa
342 1020 406 1086 fuit
420 1022 636 1107 meditataque
651 1021 797 1088 machina
811 1031 923 1088 contra

201 1119 316 1205 Reges,
332 1142 372 1185 nc
387 1130 516 1205 possent
529 1120 649 1185 ordinis
664 1142 732 1185 esse
746 1119 835 1184 sacri.

160 1218 245 1282 Nam
261 1218 325 1283 duo
339 1218 502 1304 conjuncti
517 1219 614 1296 tituli,
631 1220 697 1283 Rea
711 1229 801 1304 atquc
815 1219 972 1295 Sacerdos,

202 1317 352 1403 Regnum
368 1317 461 1382 civile
476 1327 510 1382 et
524 1317 689 1403 spirituale
704 1317 831 1382 dabant.

161 1416 256 1499 Quod
272 1439 312 1481 nc
327 1416 455 1500 quando
470 1415 562 1492 foret,
578 1415 740 1501 provisum
755 1415 814 1481 hac
827 1416 899 1502 lege
914 1414 1021 1481 videre

203 1515 385 1590 Pontifices,
401 1536 492 1600 reges
506 1537 570 1579 non
586 1525 719 1600 potuere
730 1514 815 1579 boni.

160 1615 315 1701 Regibus,
332 1613 390 1679 hoc
405 1625 509 1699 pacto,
525 1614 578 1678 vel
593 1614 683 1699 regni
697 1613 822 1679 haerede
837 1635 952 1690 carere,

204 1713 419 1781 Ordinibusve
434 1712 541 1789 sacris,
557 1722 673 1789 stante,
688 1734 816 1777 necesse
831 1711 902 1776 suit.

162 1815 227 1878 Soc.
250 1812 370 1877 Nonne
385 1811 436 1876 sui
449 1811 559 1898 populi
575 1810 658 1888 Rex,
674 1810 791 1876 Pastor
805 1833 947 1875 summus
962 1820 1004 1886 et,
1017 1809 1099 1875 idem
1115 1809 1183 1873 cat?

205 1912 251 1977 Et
265 1914 482 1997 sub-pastores
497 1934 602 1976 nonne
618 1933 723 1976 creare
738 1911 869 1997 potest?
1124 1913 1206 1973 1:⁴10

163 2009 239 2097 Ipsa
252 2011 360 2098 gregis
375 2009 507 2088 Christi,
523 2009 598 2076 data
612 2010 654 2074 sit
668 2008 858 2093 cuicunque,
873 2008 1003 2095 regendi

207 2108 294 2177 Cura
308 2109 513 2186 sacerdotem,
529 2109 660 2194 solaque
677 2108 803 2195 (credo)
817 2108 905 2175 facit.

163 2211 226 2275 Pr.
249 2208 388 2277 Cernere
403 2209 459 2275 sed
474 2207 614 2296 Pythico
628 2208 747 2274 velatas
762 2208 900 2274 carmine
915 2207 1055 2285 technas,

207 2308 407 2396 Magnanimi
422 2331 512 2396 reges
527 2331 593 2394 quo
608 2318 740 2395 potuere
756 2308 875 2374 modo?

165 2407 285 2473 Nullus
300 2419 369 2474 erat
383 2407 530 2494 princeps
544 2409 583 2473 ad
599 2417 708 2473 sancta
721 2408 849 2474 oracula
863 2407 961 2494 Papae

209 2506 299 2589 Quin
313 2507 461 2593 stupidus
475 2506 578 2587 fieret,
596 2506 839 2594 Chilpericoque
854 2508 964 2594 magis.

166 2609 231 2673 Soc.
257 2605 321 2672 Sed
335 2627 434 2690 quarc
449 2606 586 2692 populus
600 2630 665 2672 non
679 2607 779 2672 sensit
791 2606 914 2672 fraudis
929 2608 1081 2673 odorem?

208 2706 310 2771 Anne
325 2705 380 2771 illo
396 2728 491 2770 nasus
507 2717 650 2791 tempore
664 2706 772 2770 nullus
788 2707 881 2771 erat?

166 2807 226 2871 Pr.
250 2803 359 2870 Nasus
374 2814 452 2881 erat,
468 2814 538 2869 tcto
552 2803 608 2869 sed
622 2814 701 2869 tunc
716 2804 909 2891 epidemicus
921 2807 997 2872 orbe

209 2903 370 2970 Nasorum
384 2904 514 2968 morbus
529 2902 699 2989 praevaluit
710 2903 864 2990 Polypus.
974 2962 977 2967 .
1128 2906 1210 2966 1820

168 3003 234 3086 Qui
249 3026 289 3069 ne
304 3012 450 3078 cessaret,
467 3002 618 3069 subtilem
633 3003 798 3090 excogitat
812 3013 924 3081 artem,

212 3102 356 3171 Callidus
370 3111 410 3166 ut
423 3101 535 3186 vulpes
550 3101 734 3179 ambitione,
750 3102 831 3169 Leo.

168 3202 303 3290 Ingenio
318 3201 488 3286 studioque
503 3201 584 3267 solct
599 3202 754 3288 sapientia
771 3202 888 3286 quaeri3

213 3304 308 3368 Hanc
321 3301 433 3389 generi
446 3300 586 3366 humano
600 3302 712 3367 tollere
727 3301 818 3388 Papa
831 3312 930 3387 parat

169 3405 236 3468 Soc.
259 3401 378 3467 Nescio
393 3400 450 3485 qui
466 3399 585 3465 stultus
600 3399 669 3465 fieri
683 3411 782 3485 queat
796 3424 837 3467 ex
852 3400 1013 3486 sapiente:

212 3502 265 3567 Ex
280 3500 379 3567 stulto
393 3499 519 3586 sapiens
534 3499 707 3565 erudiendo
722 3510 838 3587 potest.

169 3605 229 3669 Pr.
256 3599 434 3668 Stultitiam
449 3598 583 3665 sortasse
598 3610 693 3684 putas
707 3623 771 3665 non
787 3622 878 3686 posse
892 3597 1007 3664 doceri.

212 3699 352 3765 Difficile
366 3709 415 3764 est
429 3698 546 3763 durum
562 3698 689 3782 (credo)
704 3699 816 3765 docere
831 3719 961 3764 senem:

174 3797 237 3865 Sed
251 3796 370 3864 teneris
384 3796 485 3873 annis,
500 3818 559 3862 cen
576 3796 680 3862 mollis
694 3820 775 3875 cera,
790 3798 926 3884 figuram

215 3896 402 3980 Quamlibet
415 3895 559 3982 accipiet,
575 3896 618 3961 sit
631 3899 715 3962 bona
729 3897 811 3964 sitve
825 3898 918 3962 mala.
1129 3897 1213 3959 1830

174 3996 312 4065 Stultior
327 4018 395 4062 esse
409 4006 516 4082 potest
530 3995 711 4080 quisquam,
727 4019 825 4081 quam
840 3995 895 4080 qui
912 3993 1086 4079 sapientem

214 4096 261 4162 Et
274 4097 404 4163 doctum
418 4095 546 4183 egregie
561 4117 595 4161 se
609 4108 704 4182 putat
718 4119 796 4174 esse,
812 4095 958 4162 noceat?

174 4201 238 4262 aar.
262 4196 397 4263 Certum
413 4204 470 4260 est
518 4192 681 4260 Stultitias
695 4196 729 4260 in
744 4218 813 4260 sese
827 4192 967 4281 possidet
981 4215 1099 4269 omncs,

719 4338 725 4343 .
733 4336 821 4344 ...ψ

534 4392 542 4425 ¹
561 4393 642 4465 [Vide
653 4391 853 4460 Grumentum]
