2932 5054
361 467 559 524 nosurusr
578 467 904 524 ouousrnrcuu.
1103 451 1152 519 25

110 633 209 709 latus
234 643 274 708 et
296 633 416 731 majus
439 645 670 730 segmentum
693 635 820 709 divisoe
837 631 905 708 AB
928 642 1093 707 extrema
1115 641 1155 706 et
1186 658 1272 701 auor.
1287 657 1342 700 vn.

112 746 236 822 media
266 747 420 821 ratione.
472 747 570 822 Nam
606 748 689 847 (per
722 745 866 821 Coroll.
893 745 1154 844 propositionis
1168 726 1371 843 affl„

111 861 222 959 hujus
233 859 379 958 primae)
393 873 525 957 quarta
536 885 622 959 pars
635 858 842 935 laterisAB
855 857 993 948 veIDC¹
1005 848 1330 956 aequalisfflffl

111 985 170 1048 est
193 983 307 1048 reotae
324 973 389 1046 ΕΚ
406 997 481 1047 una
503 998 587 1049 oum
611 974 821 1048 differentia
845 974 943 1048 inter
967 972 1156 1047 semilatus

111 1097 151 1161 et
166 1087 287 1184 majus
304 1097 535 1183 segmentum
551 1086 688 1160 lateris.
726 1084 848 1178 Quare
862 1085 1054 1159 dimidium
1066 1085 1156 1159 late·

111 1201 176 1288 ris,
188 1200 230 1274 id
247 1210 305 1274 est
321 1224 378 1288 oe,
395 1199 545 1296 aequaiis
567 1211 624 1274 est
647 1199 769 1298 duplae
796 1201 873 1290 FK,
891 1210 930 1274 et
947 1199 1068 1295 duplae
1086 1195 1156 1272 dif-

112 1313 280 1388 ferentia}
289 1312 387 1386 inter
398 1314 516 1409 majus
529 1323 762 1410 segmentum
774 1313 900 1387 lateris
911 1322 949 1386 et
958 1311 1157 1386 semilatus.

115 1427 191 1502 Sed
208 1427 270 1500 oR
286 1437 343 1500 est
361 1425 473 1521 dupla
490 1427 567 1500 FK.
620 1425 740 1519 Quare
763 1427 819 1500 Re
840 1437 897 1500 est
920 1426 1032 1524 dupla
1054 1426 1158 1499 diffe-

115 1540 247 1615 rentiae
264 1539 363 1613 inter
376 1541 494 1638 majus
511 1551 742 1637 segmentum
758 1539 884 1615 lateris
901 1551 940 1615 et
956 1539 1158 1615 semilatus.

539 1850 740 1879 a

502 2059 644 2136 PROP.
667 2060 774 2135 VIII.

118 2222 419 2297 Dsscnlsnrun
432 2245 559 2297 rursus
583 2224 802 2321 quadratum
819 2223 968 2315 ABoD,
992 2235 1032 2300 et
1053 2248 1163 2300 arcus

117 2334 368 2432 quadrantalis
382 2334 468 2422 BD;
482 2348 520 2411 et
529 2339 638 2412 lateri
651 2337 713 2413 BC
724 2339 919 2436 adjiciatur
933 2337 997 2429 Gk,
1011 2339 1162 2437 aequalis

118 2448 287 2544 tangenti
299 2457 347 2524 30
357 2449 557 2546 graduum
572 2451 802 2548 duceturque
813 2463 916 2526 reeta
926 2450 998 2526 Ao.
1016 2451 1163 2530 Deinde

118 2560 158 2634 in
174 2561 290 2635 latere
306 2561 374 2635 ΑΒ
399 2575 567 2637 sumatur
584 2564 647 2637 Aa
670 2564 818 2662 aequalis
843 2575 956 2639 reotae
973 2564 1031 2639 Ao
1052 2566 1162 2640 factae

119 2685 309 2772 segmento
326 2676 458 2771 majori
473 2677 601 2751 lateris
619 2678 698 2768 AB,
716 2677 823 2752 divisi
840 2689 1005 2753 extrema
1022 2691 1060 2755 et
1084 2703 1163 2754 me-

120 2787 182 2862 dia
204 2788 360 2880 ratione,
386 2789 529 2887 aequali.
580 2792 783 2882 Postremo,
801 2792 959 2867 ducatur
975 2791 1026 2866 ab
1043 2794 1163 2891 paral-

120 2900 193 2975 Iela
207 2901 315 2976 lateri
332 2901 407 2993 BC,
425 2927 554 2978 secans
572 2904 634 2977 Alc
650 2905 688 2978 iu
708 2903 741 2977 b.

172 3016 264 3089 Dico
287 3028 428 3090 rectam
451 3016 498 3091 ab
519 3018 776 3092 subtensuram
799 3042 879 3093 esse
902 3019 993 3093 duas
1017 3020 1164 3114 quintas

122 3151 228 3203 arcus
246 3130 497 3226 quadrantalis
514 3131 584 3221 lem,
602 3131 777 3228 descripti
800 3132 1071 3206 semidiametro
1089 3129 1164 3204 Bkt

123 3254 162 3315 et
178 3241 270 3314 duas
287 3242 369 3316 illas
386 3243 534 3339 quintas
551 3243 710 3340 aequales
727 3266 805 3317 esse
821 3243 928 3318 lateri
946 3242 1026 3319 AB.

174 3355 360 3430 Quoniam
377 3357 476 3430 enim
495 3356 557 3430 Aa
574 3372 632 3431 est
649 3358 767 3454 majus
790 3369 1020 3454 segmentum
1040 3357 1165 3431 lateris

124 3465 187 3542 ΒΟ
213 3467 321 3542 divisi
347 3482 511 3543 extrema
536 3480 573 3543 et
598 3471 719 3545 media
743 3471 898 3561 ratione,
919 3495 965 3545 ea
988 3471 1084 3544 latus
1109 3481 1167 3543 est

125 3579 305 3676 decagoni
321 3582 360 3654 in
377 3582 515 3656 circulo
533 3584 637 3680 cujus
652 3582 924 3657 semidiameter
936 3592 991 3656 est
1001 3581 1067 3655 AB
1085 3581 1169 3678 (per

124 3693 240 3767 Elem.
251 3695 325 3783 xiv,
336 3719 441 3793 prop.
457 3698 518 3789 4):
537 3708 574 3769 et
591 3696 789 3771 subtendet
807 3696 869 3770 illa
886 3696 1067 3771 decimam
1082 3717 1168 3792 par-

125 3817 199 3880 tem
217 3808 332 3882 totius
353 3808 556 3904 perimetri,
573 3809 613 3882 id
635 3821 693 3883 est
712 3810 878 3906 quintam
900 3821 1045 3907 partem
1063 3808 1167 3883 semi·

124 3921 326 4017 perimetri,
343 3920 382 3996 id
400 3933 457 3995 est
474 3921 566 3995 duas
584 3923 730 4018 quintas
748 3946 856 3997 arcus
874 3921 954 3995 BD.

176 4035 268 4109 Cum
287 4058 376 4131 ergo
395 4046 498 4108 recta
512 4033 569 4108 Bk
582 4048 730 4109 ostensa
746 4037 793 4110 sit
807 4036 957 4132 aequalis
971 4034 1073 4109 arcui
1087 4032 1168 4123 BD,

126 4148 197 4223 erit
213 4158 256 4222 ut
273 4146 342 4223 AB
360 4148 409 4222 ad
426 4148 498 4238 Aa,
515 4149 568 4222 ita
585 4147 642 4222 Ble
661 4150 715 4245 (id
732 4161 789 4224 est
806 4173 911 4223 arcus
937 4147 1020 4244 BD)
1042 4148 1089 4223 ad
1107 4145 1168 4219 ab.

178 4263 303 4337 Quare
317 4260 366 4335 ab
378 4274 434 4336 est
450 4264 568 4358 majus
581 4277 811 4360 segmentum
830 4274 942 4338 rectae
958 4261 1028 4352 Bk,
1043 4261 1169 4336 divisae

126 4388 294 4450 extrema
310 4386 350 4449 et
366 4374 487 4450 media
503 4375 659 4450 ratione.
