2932 5054
474 442 667 497 corsuna
686 443 852 497 nnnvrs.
998 446 1001 451 ⁴
1109 427 1157 507 67

114 610 200 703 (lib.
217 632 272 686 nn
292 634 500 702 conconn,
518 638 597 711 cap.
612 614 689 704 xiii,
706 612 767 688 a'rt
782 615 837 704 3),
853 614 893 688 in
910 613 1074 688 Elcnclro
1091 637 1158 690 suo
1171 637 1256 678 mor.
1272 638 1314 691 n,
1330 637 1360 679 v.

113 725 265 820 negavit
280 727 354 801 ine.
1198 708 1342 742 “f“

166 836 297 936 Itaque
329 839 601 937 propositiones
631 838 691 913 hae
718 861 765 913 lv
786 851 825 914 et
848 863 876 915 v
899 865 923 913 a
948 863 1016 914 suo
1044 841 1158 937 ipsius

113 949 286 1025 doctrina
319 965 548 1026 evertuntur.
603 951 718 1026 “Sed
751 952 967 1038 rationem,”
1001 954 1158 1051 inquies,

113 1069 137 1102 ‘⁴
152 1067 374 1160 aequalitatis
401 1065 644 1163 quantitatem
671 1088 747 1139 non
772 1089 861 1155 esse,
886 1077 970 1163 post
995 1066 1158 1141 didicit.”

111 1177 148 1250 A
166 1179 268 1275 quo?
319 1179 416 1251 Nam
440 1178 609 1251 doctrina
633 1179 711 1272 ejus
730 1191 809 1251 erat
826 1203 869 1251 eo
887 1190 1053 1275 tempore
1072 1181 1159 1254 doe-

112 1291 214 1364 trina
242 1303 514 1388 geometrarum
544 1291 720 1364 omniurn.
781 1292 919 1379 Potuit,
951 1292 1063 1381 dices,
1096 1293 1159 1365 dc-

112 1405 433 1494 monstrationem,
452 1427 572 1477 meam
598 1415 635 1477 et
662 1404 819 1493 facilem,
838 1405 966 1478 melius
991 1406 1158 1479 conside-

112 1516 244 1607 rando,
261 1540 387 1590 veram
403 1540 482 1590 esse
500 1515 652 1589 tandem
668 1517 846 1607 invenire,
865 1518 980 1590 etuti.
1033 1519 1158 1593 Potuit

111 1630 283 1727 quidem:
309 1629 374 1704 sed
394 1629 494 1727 quod
515 1630 708 1703 authorem
725 1653 834 1726 quem
852 1629 1065 1726 culpaverat
1081 1656 1158 1706 non

111 1742 324 1832 absolverit,
350 1743 587 1817 inhonestum
619 1754 712 1817 erat.
764 1741 838 1815 Sed
862 1743 1046 1838 quomodo
1072 1769 1158 1841 pro-

111 1856 336 1953 positionem
367 1878 470 1929 suam
498 1855 659 1951 probat?
710 1858 734 1895 “
753 1854 882 1944 Quae’',
913 1855 1044 1951 inquit,
1075 1862 1098 1895 “
1113 1880 1158 1930 ex

112 1970 267 2067 aequalis
290 1982 330 2044 et
354 1968 456 2066 dupli
478 1968 684 2042 rationibus
712 1969 957 2065 componitur,
974 1980 1031 2042 est
1056 1969 1159 2066 dupli

112 2083 246 2172 ratio”,
263 2093 334 2157 etc.
378 2082 522 2157 Quibus
535 2082 658 2156 verbis
674 2081 963 2179 propositionem
981 2083 1158 2180 exemplis

111 2196 286 2293 explicat,
303 2220 380 2269 uon
397 2196 540 2293 probat.

165 2309 236 2382 Pro
253 2308 567 2382 demonstratione
584 2308 692 2380 offert
708 2318 854 2381 tantum
870 2308 963 2381 hoo:
990 2309 1159 2406 requitur

111 2445 163 2496 ca
195 2421 369 2494 secunda.
421 2419 628 2494 Secundam
654 2435 792 2510 autem,
825 2432 868 2494 ut
893 2420 1005 2495 modo
1040 2432 1160 2496 osten·

112 2559 196 2609 sum
225 2547 293 2625 est,
320 2558 395 2609 non
423 2533 747 2607 demonstraverat.
799 2534 941 2609 Deinde
972 2534 1050 2607 haec
1079 2536 1160 2631 ipsa

111 2650 194 2745 ejus
211 2648 336 2737 verba,
354 2672 431 2745 quc
447 2671 494 2719 ee
511 2645 746 2744 (equalitatis
764 2656 802 2719 et
819 2647 927 2746 dupli
952 2648 1158 2720 rationibus

113 2761 357 2859 componitur,
374 2760 491 2856 qualis
509 2760 628 2833 oratio
646 2761 729 2834 est?
784 2759 907 2843 Quam
931 2761 980 2834 ad
1009 2761 1159 2835 demon-

112 2875 331 2948 strationem
367 2872 630 2969 geometricam
663 2872 816 2968 inepta?
878 2873 1012 2963 Etiam,
1048 2898 1158 2970 quam

111 3010 189 3061 non
198 2986 463 3082 grammatica?
491 2987 583 3060 Cum
596 2986 832 3081 praemisisset
844 2986 1026 3060 rationem
1038 3011 1156 3082 ‹equu-

111 3101 248 3189 lr'tctia,
260 3123 327 3173 cur
342 3123 417 3173 non
435 3098 579 3172 addidit
592 3098 774 3172 rationem
786 3099 909 3194 potius
921 3098 1157 3197 duplicitatis

111 3238 225 3312 quam
243 3212 350 3311 dupli
363 3217 385 3286 t
437 3213 596 3285 Causam
619 3212 717 3285 audi.
770 3213 814 3284 In
840 3213 985 3308 scriptis
1008 3237 1157 3308 geome-

111 3337 256 3400 trarum
272 3326 349 3398 fere
367 3325 531 3398 omnium
548 3325 735 3397 invenitur
759 3348 827 3420 pro
852 3325 995 3398 ratione
1014 3334 1036 3399 2
1054 3325 1102 3397 ad
1124 3334 1155 3414 l,

113 3439 191 3513 sive
218 3437 321 3535 dupli
347 3437 395 3511 ad
422 3437 605 3532 simplum,
623 3460 766 3532 semper
791 3437 869 3510 fere
894 3439 991 3510 ratio
1015 3437 1155 3535 depiles

112 3552 219 3649 quasi
235 3551 331 3624 ratio
348 3561 371 3625 2
390 3549 438 3623 ad
460 3559 491 3639 l,
521 3561 617 3623 esset
647 3548 730 3622 duae
759 3550 932 3623 rationes.
985 3549 1030 3622 ld
1057 3550 1156 3646 quod

113 3665 153 3738 in
180 3664 274 3737 libro
303 3685 357 3736 nu
386 3684 579 3737 coaaonn
606 3685 691 3735 cum
718 3663 1046 3758 reprehendissem,
1070 3664 1157 3759 quia

114 3776 313 3852 dicendum
330 3790 410 3849 arat
426 3775 522 3848 ratio
540 3774 647 3872 dupli
674 3774 721 3847 ad
744 3776 927 3874 trineptem,
945 3776 1099 3849 Wallius
1117 3777 1156 3849 in

113 3889 282 3964 Elenclto
298 3886 502 3976 contendit,
522 3910 689 3960 sermone
709 3889 955 3977 acerbissimo,
974 3889 1155 3961 rationem

112 4014 136 4078 2
155 4004 203 4077 ad
226 4013 239 4076 l
263 4026 343 4076 esse
370 4002 552 4075 rationem
576 4000 736 4096 duplam,
761 4014 799 4074 et
825 4003 1006 4075 rationem
1025 4010 1048 4073 3
1066 4001 1113 4074 ad
1137 4013 1150 4074 l

112 4141 192 4192 esse
209 4116 372 4213 triplam.
408 4113 519 4190 Quod
536 4138 619 4186 cum
633 4125 762 4209 postea
778 4139 939 4187 errorem
957 4139 1036 4187 esse
1050 4115 1155 4203 vidit,

112 4255 200 4306 usus
228 4243 287 4304 est
312 4229 370 4302 his
386 4227 518 4316 verbiS,
536 4227 638 4300 ratio
663 4226 784 4324 dupli,
801 4227 901 4299 ratio
932 4228 1054 4324 tripli,
1073 4241 1157 4318 etc,

113 4369 194 4442 quae
222 4341 317 4417 nihil
344 4340 576 4437 significant:
602 4339 741 4413 veritus
769 4362 816 4413 ne
843 4341 874 4415 si
898 4341 1037 4414 diceret
1056 4344 1156 4416 ratio

985 4478 1040 4528 Μ
