2932 5054
468 479 800 536 necnnsmsrrcs.
1074 470 1142 549 371

112 645 174 708 Pr.
198 641 268 708 Hos
283 643 377 730 ipsos.
423 643 568 727 Quorum
582 646 700 713 multos
715 647 859 715 Ecclesia
872 648 1018 717 habebut.

155 741 319 829 Quicquid
334 743 489 830 cepissent
503 745 592 823 retia,
608 746 702 831 piscis
716 756 793 813 erat

111 841 163 906 Ex
177 841 291 907 horum
306 864 437 908 numero
452 843 549 909 fiebat
563 844 738 931 episcopus,
751 856 790 911 nt
804 847 875 930 quis

153 940 294 1028 Insignis
308 941 440 1028 logicus,
456 943 671 1009 rhetoricusve
687 944 759 1009 fuit
1080 953 1143 1012 810

112 1039 178 1122 Qui
192 1040 309 1106 veteris
323 1050 446 1105 certant
460 1040 574 1107 imbuti
589 1065 693 1109 errore
707 1043 860 1130 magistri,

154 1138 264 1205 Verba
279 1138 341 1205 Dei
356 1139 395 1204 nd
410 1150 527 1205 scetem
542 1140 656 1206 ducere
671 1141 806 1226 quisque
821 1165 919 1209 suam.

111 1235 293 1302 Verborum
308 1259 447 1323 pugnam
462 1238 545 1323 parit
559 1238 738 1324 ignorantia
751 1239 879 1318 discors,

154 1334 260 1417 Quam
274 1358 377 1401 nexus
391 1359 497 1402 rerum
512 1336 679 1403 conciliare
694 1337 782 1403 solet

111 1433 238 1500 Horum
253 1435 388 1519 quisque
402 1444 509 1500 tamen
523 1436 647 1523 sapiens
661 1436 721 1502 sibi
735 1447 800 1503 tom
816 1437 1018 1505 vehementer

152 1533 233 1599 Esse
247 1533 423 1612 videbatur,
439 1545 569 1620 tamque
584 1537 738 1622 superbus
752 1546 830 1615 erat,

112 1630 162 1697 Ut
175 1632 457 1720 non-philosophos
471 1657 539 1719 prae
553 1657 586 1700 se
601 1645 818 1701 contemneret
832 1659 949 1713 omnes,

154 1729 203 1796 Ut
217 1732 353 1818 pecudes
367 1733 500 1799 totidem
515 1756 588 1818 quae
603 1735 724 1800 ratione
738 1745 855 1801 carent

111 1827 329 1916 Philosophus,
344 1831 454 1897 iisdem
469 1832 496 1897 si
511 1855 574 1898 non
589 1831 726 1899 didicere
741 1834 909 1921 magistris,

154 1928 354 2016 Spurcabant
367 1931 450 2017 ipsos
465 1954 530 2017 quo
551 1941 682 2018 potuere
697 1932 774 1999 luto.
1080 1941 1144 2001 820

111 2027 185 2112 Qua
199 2029 274 2096 freti
287 2030 432 2096 virtute?
475 2031 575 2097 Modo
590 2032 748 2116 quoniam,
764 2042 861 2117 utque
875 2034 978 2121 ligura

155 2128 287 2195 Scibant
300 2129 461 2208 disserere,
476 2141 510 2197 et
523 2130 632 2196 ludere
646 2131 680 2195 in
695 2132 852 2218 ambiguo.

112 2227 193 2293 Haec
206 2227 269 2293 illis
283 2227 393 2315 logica,
408 2229 499 2307 ratio,
515 2229 678 2315 sapientia,
694 2230 805 2309 virtus,

153 2325 309 2403 Ambitio,
324 2349 405 2412 spes,
420 2338 454 2393 et
467 2327 569 2414 gloria
582 2351 706 2393 summa
720 2329 794 2395 fuit.

110 2425 225 2511 Deque
239 2425 335 2492 sacris
350 2427 454 2493 verbis
468 2427 544 2493 dum
559 2428 763 2513 disceptatur,
779 2429 812 2493 in
827 2439 927 2495 artem

153 2523 304 2590 Vertitur
317 2525 458 2612 ignotam
474 2526 638 2592 debilitata
651 2526 738 2592 fides

111 2624 179 2689 Ars
192 2623 302 2710 ignota
316 2623 389 2703 fuit,
402 2647 472 2710 quae
483 2647 570 2691 nunc
583 2635 632 2691 est
647 2624 844 2710 Theiologia.

153 2723 211 2787 An
225 2722 472 2811 circumscripsit
486 2724 558 2810 quis
573 2725 642 2790 sine
655 2725 719 2790 fine
734 2724 865 2789 Deum?

112 2822 194 2905 Qnae
208 2822 248 2889 dc
262 2833 376 2889 natura
388 2823 497 2890 divina
511 2823 616 2890 dicere
630 2823 678 2890 fus
692 2833 750 2900 est,

154 2920 301 3006 Quaeqne
315 2931 419 2988 tacere
434 2922 535 3000 decet,
551 2921 674 3008 Pagina
690 2920 786 2987 Sacro
800 2920 899 2987 docet
1082 2925 1145 2984 830

110 3019 295 3106 Discipulos
310 3019 432 3087 Christi
446 3021 637 3088 discernitur
651 3021 822 3107 agnitione,

152 3118 199 3184 Et
213 3118 312 3197 cultu,
331 3117 418 3185 Sacri
434 3141 528 3204 quem
544 3120 678 3186 docuere
693 3120 795 3196 Libri,

111 3217 156 3283 Et
171 3218 247 3295 vita,
263 3240 335 3302 quae
350 3217 392 3283 sit
405 3218 520 3284 divinae
530 3242 671 3305 congrua
685 3218 761 3304 legi:

152 3317 230 3382 Non
245 3340 264 3382 a
279 3316 413 3382 Naturae
428 3317 608 3404 cognitione
625 3316 738 3383 Socrae.

111 3417 174 3482 Sec.
199 3417 251 3482 At
265 3438 322 3481 our
336 3415 370 3480 N
373 3416 454 3482 iceni
469 3427 558 3482 tanto
573 3415 738 3482 conamine
754 3415 913 3499 quondum

153 3514 204 3581 De
220 3514 346 3581 Christo
361 3514 490 3602 physice
504 3515 679 3580 disseruere
693 3513 824 3579 Patres:

112 3613 195 3682 Cum
210 3613 290 3678 nihil
304 3613 337 3678 iu
352 3626 421 3679 totu
437 3613 602 3700 Scriptura
615 3612 730 3679 clarius
744 3622 833 3678 extet

154 3710 260 3796 Quam
276 3711 448 3780 Salvatoris
462 3737 534 3780 cum
549 3723 705 3779 caretum
720 3711 854 3777 Deitas?

110 3814 170 3877 Pr.
194 3811 272 3890 Cur,
288 3812 349 3878 nisi
364 3813 449 3898 quod
464 3812 580 3898 puduit
595 3811 766 3896 quicquam
785 3810 903 3876 nescire
920 3809 1016 3874 videri

153 3911 393 3998 Philosophum,
407 3923 464 3977 aut
477 3911 598 3977 victum
613 3911 742 3987 discere,
757 3931 832 3975 vcra
846 3909 944 3975 licet?
1081 3913 1145 3971 840

111 4010 199 4076 Dum
214 4023 359 4098 pugnant
373 4011 447 4077 sreti
461 4011 578 4077 veteris
593 4010 714 4075 ratione
725 4008 878 4093 magistri,

153 4110 231 4177 Non
244 4120 376 4176 tenuere
390 4133 504 4176 novam
519 4132 594 4174 vasa
607 4119 735 4174 vetusto
748 4106 870 4172 Fidem.

112 4211 213 4276 Causa
227 4211 393 4297 potestatis
407 4220 513 4275 tumen
527 4209 596 4274 haec
610 4207 765 4274 discordis
778 4206 920 4283 Petrum,

154 4309 351 4396 Principium
366 4320 400 4374 et
413 4310 504 4396 regni
519 4308 690 4395 spiritualis
704 4320 780 4372 erat

113 4407 197 4473 Nam
213 4407 444 4476 Constantinus
458 4407 583 4495 populis
597 4407 674 4472 dum
688 4405 817 4472 reddere
831 4425 939 4489 pacem

948 4527 971 4576 Β
989 4523 1044 4575 1³²
