2932 5054
508 432 836 484 ECCLESIASTICA.

158 593 267 659 Finita
284 593 423 681 Synodo,
439 594 548 659 statim
563 618 645 661 nova
658 595 807 682 dogmata
821 607 975 682 surgunt:

199 695 369 779 Quamque
384 694 472 780 prius
487 694 601 772 fuerat,
617 695 718 760 acrior
731 694 779 759 ira
792 695 882 760 redit

155 794 235 859 Post
250 793 496 860 Constantinum
511 794 596 859 rexit
611 793 815 860 Constantius
829 796 948 873 orbem,

197 892 378 959 Catholicos
393 915 530 958 vexans:
554 915 691 976 namque
702 892 841 959 Arianus
856 904 932 959 erat.

154 991 214 1056 Ille
229 1001 263 1056 et
283 990 493 1056 Athanasium
509 1015 661 1078 magnum
677 993 850 1059 terroribus
865 993 1008 1081 implens,

196 1090 391 1178 Martyrium
406 1091 472 1155 vita
487 1091 564 1157 fecit
579 1114 683 1156 amare
698 1091 812 1157 minus.
1124 1101 1188 1162 890

153 1190 239 1254 Exul
254 1193 293 1256 ab
308 1190 467 1277 AEgypto,
484 1189 668 1256 Constantis
683 1201 786 1256 castra
803 1213 859 1277 per
875 1193 975 1280 Alpes

195 1288 426 1374 Gallorumque
442 1289 521 1354 adiit
535 1289 652 1376 frigida
667 1313 741 1354 rura
755 1313 872 1356 senex:

151 1389 176 1454 J
178 1390 268 1456 udicc
283 1399 316 1455 te
330 1389 454 1466 merito,
469 1389 548 1454 latas
563 1412 582 1453 a
598 1388 746 1474 Principe
760 1390 846 1477 leges

196 1489 304 1553 Ausus
319 1487 472 1553 doctrina:
486 1487 700 1573 postposuisse
714 1511 787 1553 sua.

151 1585 321 1652 Proximus
336 1586 420 1664 huic,
435 1585 546 1651 mundi
561 1586 666 1651 tenuit
680 1587 831 1653 Julianus
845 1587 1001 1655 habenas:

195 1685 285 1751 Ante
300 1685 429 1770 quidem
445 1683 565 1749 Christi
581 1685 636 1771 qni
651 1685 814 1752 simularat
827 1709 927 1752 ovem.

153 1784 341 1871 Sanctorum
356 1807 442 1849 nunc
456 1784 555 1849 hostis
570 1795 656 1850 erat:
679 1807 790 1850 verum
805 1786 859 1852 illc
872 1787 1014 1872 pepercit

193 1884 355 1960 Fortunis,
371 1883 451 1948 sacri
466 1884 712 1970 corporibusque
726 1884 841 1972 gregis

153 1982 215 2049 Sed
230 1983 307 2048 fecit
321 1982 405 2067 quod
423 1983 512 2066 pejus
526 1992 603 2046 erat
649 1980 735 2046 Nam
751 1983 871 2070 templa
885 1984 1027 2050 Deorum

195 2079 370 2147 Sardorum
385 2079 506 2165 pridem
520 2079 626 2145 diruta
640 2079 780 2146 restituit
791 2104 799 2156 3
1121 2088 1184 2150 900

150 2179 264 2263 Atque
279 2179 433 2246 idolorum
449 2178 571 2244 cultum
586 2179 746 2245 revocavit
760 2179 916 2267 ineptum.

195 2278 247 2345 Sic
262 2279 377 2345 iterum
393 2277 473 2343 ritus
488 2277 676 2344 convaluere
690 2278 772 2344 mali.

151 2379 355 2446 Christicolas
369 2387 475 2443 autem
491 2377 597 2442 sanxit
612 2399 675 2442 non
690 2400 757 2443 esse
772 2378 927 2444 docendos

193 2477 352 2565 Ingenuas
366 2486 460 2554 artes,
475 2475 558 2541 bella
572 2485 726 2560 paratque
741 2476 862 2542 animis

150 2577 212 2642 See.
238 2576 314 2642 Non
329 2586 432 2641 tutam
447 2575 552 2640 forsan
568 2573 725 2640 Pietatem
741 2576 864 2641 viderat
877 2575 961 2641 inter

108 2670 111 2676 ¹
193 2674 434 2749 Grammaticos,
450 2673 578 2760 logicos,
594 2673 830 2758 rhetoricosque
844 2673 940 2740 viros.

153 2773 281 2841 Scilicet
295 2774 353 2851 his,
370 2773 487 2859 patrias
502 2795 589 2837 amor
604 2783 653 2837 est
667 2772 894 2857 reprehendere
908 2773 1010 2860 leges:

194 2874 238 2938 Et
252 2884 370 2939 statum
385 2895 490 2937 rerum
506 2883 638 2945 vertere,
655 2894 777 2935 summa
792 2871 912 2937 Venus

151 2973 225 3038 Non
242 2973 346 3037 minus
360 2971 478 3057 ingenii
495 2970 666 3035 committit
680 2970 780 3056 gloria
795 2971 913 3048 doctos,
962 3042 972 3055 ι

193 3072 298 3154 Quam
314 3095 403 3158 reges
419 3071 501 3156 rapti
517 3070 652 3135 dedecus
667 3070 800 3156 imperii.
1121 3078 1185 3139 910

151 3173 210 3236 Pr.
234 3173 282 3236 At
297 3172 415 3236 frustra
430 3169 552 3235 cultum
567 3170 710 3255 permisit
724 3192 780 3235 rex
795 3169 947 3236 Julianus

193 3270 353 3337 Gentibus
368 3269 546 3353 antiquum,
562 3291 654 3334 nemo
670 3269 725 3334 ubi
740 3291 828 3334 saera
841 3269 944 3335 dabat

152 3369 293 3454 Quisque
308 3393 400 3434 suum
415 3380 551 3444 taumm,
567 3368 703 3432 vitulum
719 3369 912 3445 comedebat,
927 3379 961 3434 et
980 3392 1097 3456 agnum
1104 3393 1117 3444 »;

195 3469 360 3536 Sacrificus
375 3492 473 3544 rarus,
489 3467 618 3532 victima
633 3490 705 3532 cara
719 3467 792 3532 tuit.

151 3568 326 3656 Frigcbant
340 3592 412 3645 arae,
428 3569 615 3650 desertaque
630 3566 749 3651 templa
763 3566 916 3631 silebant:

194 3667 393 3734 Catholicum
409 3668 447 3733 de
463 3667 534 3730 Diis
549 3666 652 3731 dicere
668 3688 767 3750 pauca
781 3665 853 3730 suit.

151 3765 195 3832 Et
209 3767 284 3831 dum
301 3766 435 3851 quisque
451 3789 539 3830 suam
555 3787 620 3829 rem
636 3765 732 3828 solam
748 3775 838 3829 curat
853 3774 885 3828 et
900 3774 1003 3850 urget,

192 3865 243 3930 De
257 3865 353 3930 dubia
368 3864 451 3929 dixit
464 3862 630 3949 relligione
646 3862 734 3927 nihil.

151 3964 194 4028 Et
210 3963 285 4048 quia
299 3963 445 4028 desuerat
462 3961 596 4047 populus
613 3961 685 4025 Diis
700 3961 884 4037 sacrificare,

193 4061 248 4126 Fit
263 4084 345 4125 nova
359 4060 491 4146 relligio,
508 4082 579 4144 quae
595 4060 658 4124 suit
672 4071 746 4124 ante
761 4070 861 4123 vetus
1120 4064 1183 4125 920

151 4162 201 4224 At
215 4184 288 4224 mox
304 4184 322 4224 a
337 4159 444 4224 Persis
459 4183 515 4224 rex
530 4159 663 4223 creditur
677 4157 837 4223 hostibus:
861 4155 969 4233 hostis,

194 4258 329 4323 Dicebat
343 4258 455 4332 clerus,
472 4257 557 4342 quod
573 4257 636 4321 suit
651 4257 702 4321 illc
720 4256 790 4320 Dei.

150 4357 244 4422 Tunc
259 4357 354 4423 etiam
371 4355 487 4423 Gotthi
502 4366 666 4441 eoeperunt
680 4377 766 4419 arma
781 4376 907 4419 movere
