2932 5054
524 439 749 491 nms‘romn.
1086 419 1160 499 297

163 604 237 680 Sed
260 605 469 702 praecipuus
493 607 572 703 ejus
598 628 701 679 error
724 614 780 678 est
805 603 845 677 in
872 626 984 678 cansa
1007 603 1162 701 physica

111 719 343 793 refractionis
360 720 549 793 radiorum
567 719 802 816 explicanda:
821 729 903 792 tota
916 719 1016 791 enim
1027 718 1162 792 fictitia

111 844 180 919 est,
194 845 234 906 et
251 859 273 906 a
290 833 514 907 mechanicae
528 834 718 930 principiis
736 833 868 906 aliena.
904 832 1064 921 Fictitia,
1075 831 1162 928 quia

111 945 243 1020 nititur
259 947 455 1021 latitudine
468 971 579 1045 quam
597 948 710 1022 radiis
727 948 844 1044 gratis
862 947 1016 1044 affingit,
1032 970 1162 1044 quam·

111 1059 239 1154 quein
257 1060 401 1133 decima
417 1074 550 1157 quarta
565 1061 818 1158 propositione
836 1061 968 1134 iisdem
986 1060 1161 1151 detrahit,

111 1183 149 1243 et
157 1171 396 1246 nihilomiuus
409 1172 539 1246 codem
553 1172 664 1246 modo
676 1172 828 1269 refringi
840 1173 990 1247 latetur.
1016 1174 1065 1247 Et
1075 1173 1162 1270 quia

112 1284 144 1357 si
161 1308 249 1358 vera
266 1297 375 1370 esset,
392 1285 510 1359 multo
536 1286 655 1382 magis
681 1285 835 1360 haberet
858 1287 981 1360 locum
999 1286 1038 1360 in
1055 1298 1162 1360 motu

111 1398 193 1494 pilae
206 1421 316 1493 qnam
333 1397 373 1471 in
392 1397 505 1472 radiis
523 1398 684 1488 lumime,
696 1399 795 1495 quod
812 1410 937 1473 tamen
954 1399 1033 1496 ipse
1050 1421 1163 1495 supra

111 1511 272 1606 negavit,
299 1521 410 1607 atque
437 1512 676 1607 experientiae
698 1528 900 1608 repugnat:
927 1524 970 1585 ut
1000 1523 1039 1584 et
1065 1512 1161 1585 ratio

110 1637 264 1719 propter
281 1648 392 1720 qnam
409 1624 648 1721 snpravoluit
664 1623 775 1721 pilam
794 1626 833 1699 in
851 1648 947 1721 aqua
963 1624 1162 1720 refrangia

111 1736 420 1833 perpendiculari,
448 1737 561 1811 radiis
591 1737 740 1811 luminis
766 1739 910 1823 melius,
938 1737 996 1810 vel
1030 1737 1160 1811 saltem

112 1874 215 1947 aeque
232 1852 325 1924 bene
344 1876 388 1924 ac
406 1852 524 1925 motui
541 1851 638 1948 pila,
652 1863 775 1947 potest
792 1850 980 1950 applicari.
1018 1851 1063 1924 ln
1079 1850 1161 1947 ipsa

111 1965 211 2037 enim
237 1965 339 2038 nulla
363 1967 406 2039 fit
431 1966 572 2039 mentio
599 1977 722 2040 motus
747 1964 962 2040 successivi:
988 1964 1027 2037 in
1044 1963 1162 2038 altera

110 2090 235 2151 autem
252 2102 364 2175 quam
381 2079 489 2153 affert
503 2103 571 2175 pro
588 2077 713 2166 radiis,
726 2080 850 2154 fictitii
868 2075 1059 2174 cujusdam
1076 2100 1161 2173 par·

110 2191 377 2287 allelogrammi
407 2191 617 2265 considerat
639 2204 782 2266 motum
812 2190 1070 2277 successivum,
1088 2203 1162 2264 est-

111 2306 207 2400 que*
219 2304 394 2401 alegibus
409 2306 631 2379 mechanica
644 2305 782 2380 aliena:
795 2318 877 2381 tum
887 2304 975 2403 quia
987 2302 1163 2400 supponit

111 2430 253 2492 motum
282 2419 398 2515 partis
433 2419 480 2508 D,
512 2418 707 2515 parallelo·

110 2532 268 2627 gramini
301 2531 448 2618 ABCD,
489 2532 708 2606 tantundem

111 2643 251 2718 tardari
295 2669 318 2718 a
365 2647 558 2742 superficie
602 2670 707 2741 aquae
746 2716 759 2746 c

110 2762 218 2846 EDF,
236 2766 500 2859 cumprimum
525 2763 627 2835 illam
652 2764 707 2836 in-

110 2876 289 2971 greditur,
319 2901 430 2973 quam
464 2877 575 2972 paulo
608 2889 705 2972 post,

111 3013 195 3062 cum
219 2989 341 3086 plnres
364 3002 489 3086 partes
515 2990 622 3063 lineae
640 2990 704 3064 CD

109 3103 148 3175 iu
162 3126 295 3198 aquam
309 3102 485 3177 demersae
496 3114 582 3176 sunt
597 3131 606 3176 :
625 3114 704 3176 tum

110 3216 196 3313 quia
210 3216 248 3289 in
262 3218 421 3289 transitu
439 3217 532 3289 radii
546 3241 569 3288 a
582 3216 704 3290 medio
740 3201 754 3232 ⁸

110 3328 272 3402 densiori
286 3330 325 3402 in
340 3330 459 3402 rarius
470 3329 550 3402 vult
565 3331 692 3426 augeri
707 3332 934 3407 celeritatem
946 3343 1080 3418 motus,
1091 3354 1160 3403 nec

110 3455 235 3516 tamen
254 3442 341 3515 dare
363 3456 490 3539 potest
516 3443 630 3516 ullam
651 3469 800 3518 cansam
828 3446 933 3520 istius
957 3443 1159 3542 augmenti.

111 3555 233 3629 Facile
255 3554 352 3628 enim
376 3554 596 3651 intelligitur
618 3569 760 3631 motum
781 3560 921 3633 tardari
939 3585 962 3632 a
978 3558 1160 3632 densitate

110 3668 243 3741 medii:
272 3669 338 3742 sed
365 3692 442 3742 non
466 3668 553 3741 inde
582 3671 761 3766 sequitur,
779 3673 843 3746 ubi
866 3697 942 3746 non
968 3682 1025 3746 est
1055 3683 1162 3745 tanta

111 3782 287 3870 densitas
305 3781 409 3854 illum
428 3781 567 3877 augeri,
585 3782 651 3855 sed
677 3796 823 3858 tantum
842 3787 962 3859 minus
980 3785 1160 3859 imminui.

110 3895 205 3967 Tum
223 3907 378 3991 propter
390 3894 479 3968 alias
493 3918 633 3984 causas,
649 3919 739 3991 quas
753 3923 880 3972 omnes
897 3922 1088 3972 recensere
1105 3910 1162 3971 est

110 4008 278 4103 longum.

163 4121 305 4196 Quinta
321 4123 537 4218 propositio,
557 4124 655 4222 quod
681 4125 807 4198 radius
827 4125 975 4222 oblique
995 4124 1161 4198 incidens

578 4377 595 4411 '
619 4375 677 4437 sie.

1190 614 1343 661 omnimad

1191 682 1342 726 Memnonos

1200 748 1344 787 s-f-a
