2932 5054
428 463 513 520 nnx
531 466 846 521 usrnnusmott.
1086 451 1153 517 105

170 629 250 704 Sint
277 629 361 703 loca
386 617 594 728 quinque,⁰
574 693 646 730 m
600 613 1369 731 *¹231stordosupenorcosnoon

119 760 176 822 est
197 756 286 823 100.
314 760 445 845 quarta
460 773 545 845 pars
561 749 699 823 ordinis
716 749 898 823 inferioris
915 759 972 821 est
989 755 1038 821 80
1051 747 1154 821 cubi:
1194 737 1337 842 ..Ἓξ

117 883 288 935 excessus
305 873 361 934 est
378 870 427 936 20
445 863 541 951 cubi,
560 863 623 959 qui
647 863 770 959 plures
787 873 875 936 sunt
891 885 1001 958 quam
1018 870 1043 933 0
1057 861 1154 935 cubi.

119 974 244 1049 Quare
269 998 457 1064 excessus,
473 999 540 1072 pro
571 999 724 1050 numero
753 976 995 1049 terminorum
1016 983 1154 1071 posto,

116 1100 296 1184 perpetuo
313 1089 455 1161 crescit.

168 1201 227 1274 Ab
253 1201 322 1274 hac
346 1201 596 1298 propositione
618 1226 685 1276 sua
700 1203 826 1276 xxxix·
842 1201 953 1275 infert
969 1199 1155 1274 Wallisius

115 1314 399 1410 x1·⁰‚quaehaee
425 1327 499 1388 est:
528 1313 617 1388 Cum
637 1327 769 1405 autem,
792 1323 981 1387 crescente
1007 1337 1155 1386 numero

118 1428 365 1515 terminorum,
384 1451 558 1501 excessus
575 1427 641 1501 itte
666 1451 785 1526 supro
801 1427 981 1499 rationem
998 1424 1157 1522 subqua-

118 1538 294 1637 druplum
312 1539 368 1612 itu
386 1541 555 1613 continue
568 1540 764 1630 minuatur,
775 1551 816 1614 ut
833 1538 980 1612 tandem
996 1537 1158 1635 quotibet

117 1651 343 1750 assignatus·
360 1652 479 1725 minor
491 1653 640 1742 euadat,
654 1663 695 1726 ut
707 1662 820 1750 putet
832 1679 846 1725 .·
872 1653 907 1724 si
925 1652 962 1725 in
976 1651 1157 1744 infinitum

110 1764 358 1862 procedatur,
369 1788 534 1862 prorsus
560 1768 772 1840 evanituras
798 1776 866 1839 est.
920 1765 1100 1862 Adeoque
1121 1763 1156 1836 si

110 1887 351 1977 proponatur
379 1877 500 1951 series
526 1877 673 1974 irpinito
696 1880 943 1977 quantitatum
970 1877 1009 1950 in
1032 1873 1156 1973 tripli-

119 1999 208 2064 coto
242 1990 386 2063 ratione
423 1991 659 2065 arithmetice
691 1990 1045 2090 proportionalium,
1079 1988 1158 2062 sive

108 2103 230 2199 jacta
245 2103 378 2176 seriem
394 2126 623 2176 numerorum
641 2102 857 2190 cubicorum,
870 2104 1041 2176 continue
1057 2124 1157 2174 cres·

119 2217 289 2303 centium,
312 2240 338 2288 a
359 2225 499 2314 puncto
530 2216 608 2289 sive
634 2225 658 2290 0
682 2216 962 2290 inchoatarum:
988 2215 1063 2288 erit
1090 2214 1158 2288 itta

119 2326 174 2402 ad
199 2328 334 2401 seriem
360 2327 511 2401 totidem
538 2328 704 2402 manime
730 2326 936 2426 equalium,
956 2336 997 2401 ut
1020 2326 1108 2401 lad
1120 2336 1157 2401 4.

117 2440 226 2515 Falsa
259 2451 383 2514 autem
416 2451 483 2513 est.
550 2441 647 2514 Nam
682 2464 853 2515 excessus
888 2440 952 2538 qui
979 2452 1157 2538 perpetuo

120 2554 264 2642 crescit,
282 2566 474 2625 evanescet
491 2577 690 2651 nunquam.

172 2666 356 2741 Quoniam
374 2677 497 2738 autem
516 2668 633 2740 tribus
659 2666 718 2738 his
741 2666 1052 2764 propositionibus
1071 2667 1157 2740 doc-

120 2780 221 2853 trina
245 2780 400 2852 Wallisii
435 2779 480 2852 de
513 2779 644 2869 Libra,
679 2779 725 2852 de
759 2779 894 2852 Centro
931 2779 1156 2869 Grauitatis,

119 2894 232 2967 etiam
248 2892 502 2966 universaliter
519 2892 564 2965 de
581 2903 713 2965 natura
729 2904 850 2965 motus
866 2903 946 2966 tota
962 2893 1156 2965 innititur:

118 3005 356 3079 manifestum
373 3015 429 3078 est
446 3004 537 3078 nihil
553 3006 599 3078 ab
616 3005 679 3079 illo
697 3005 735 3078 in
753 3006 855 3079 libris
878 3006 956 3102 ejus
983 3004 1029 3077 de
1054 3016 1158 3078 motu

121 3119 411 3193 demonstratum
445 3141 535 3208 esse,
569 3141 638 3191 nec
672 3118 718 3191 ab
751 3118 809 3190 his
839 3116 1039 3214 principiis,
1074 3141 1159 3190 cum

120 3230 213 3305 falsa
230 3232 316 3319 sint,
334 3230 529 3327 quicquam
560 3230 804 3304 demonstrari
826 3253 947 3326 posse.
997 3229 1045 3302 Et
1069 3253 1160 3324 quo-

120 3345 221 3417 niam
249 3343 423 3440 permulti
447 3343 626 3434 homines
643 3344 750 3417 bonis
776 3343 934 3440 ingeniis
957 3342 1104 3440 praediti
1121 3355 1160 3418 et

119 3456 333 3554 geometriae
351 3455 518 3545 studiosi,
536 3457 759 3531 authoritate
776 3457 873 3530 illius
892 3456 1048 3553 decepti,
1063 3482 1159 3532 erro·

120 3571 222 3646 ribus
245 3569 528 3665 acquiescentes,
546 3570 667 3644 studia
692 3595 758 3644 sua
785 3571 919 3643 damno
936 3572 1084 3668 publico
1102 3596 1160 3645 re-

121 3684 323 3757 miserunt:
350 3707 481 3757 censeo
511 3695 628 3758 totam
656 3684 860 3758 doctrinam
888 3685 988 3758 illam
1005 3685 1161 3760 Wallisii

120 3794 168 3868 de
182 3795 431 3869 Aristaeum
445 3796 677 3891 Irpinitorum
691 3799 738 3871 ab
756 3799 923 3873 omuibus
941 3799 1162 3896 abigendam

122 3932 200 3982 esse
218 3909 256 3981 in
279 3923 509 4005 perpetuum.

171 4023 310 4096 Verum
327 4023 357 4095 si
374 4023 561 4098 Wallisius
589 4025 778 4120 negaverit
807 4024 999 4120 loquutum
1025 4047 1064 4098 se
1082 4048 1162 4098 esse

122 4138 160 4211 in
186 4138 245 4211 his
273 4137 582 4234 propositionibus
609 4137 655 4211 de
684 4136 870 4235 quadratis
895 4148 933 4211 et
963 4138 1077 4225 cubis
1096 4137 1161 4210 sed

121 4251 306 4326 abstracte
324 4249 370 4323 de
388 4251 611 4347 quadraticis
624 4264 663 4326 et
679 4252 816 4325 cubicis
833 4251 1007 4342 numeris,
1019 4262 1058 4324 et
1074 4275 1160 4347 pro-
