2932 5054
534 465 868 519 accnasmsrrcn.
1144 457 1213 520 381

181 629 295 715 Atque
313 630 377 694 utri
392 630 490 697 vellet
506 631 644 697 Domino
659 633 777 699 servire
793 633 927 699 duomm

225 728 353 805 Suetus,
369 728 422 794 vix
438 729 541 815 patria
554 730 625 816 lege
641 732 798 818 regendus
813 743 891 810 erat,

181 825 266 892 Nam
283 827 408 912 quoties
422 829 539 914 patrias
554 829 640 917 leges
656 831 715 896 sibi
731 830 876 918 frangere
891 831 994 897 visum
1009 843 1067 907 est,

223 926 389 993 Fracturae
404 927 491 1013 leges
506 951 680 1015 opposuere
695 929 768 996 Dei.

181 1025 227 1090 Et
241 1026 367 1110 quoties
383 1026 500 1092 servire
516 1027 586 1093 Deo
603 1028 706 1093 minus
721 1028 920 1114 expediebat,

223 1124 376 1190 Excussit
390 1126 526 1211 populus
540 1127 621 1192 liber
636 1137 809 1212 utrumque
821 1129 947 1214 jugum.

182 1222 328 1288 Exitiosa
343 1222 406 1288 suit
420 1223 518 1288 nimia
532 1223 593 1289 ista
607 1224 736 1290 licentia
751 1226 835 1311 paci:

227 1322 290 1388 Sed
305 1322 422 1407 populo
438 1322 542 1388 Lotus
557 1324 775 1408 militibusque
790 1324 862 1390 fnit
1139 1329 1220 1389 1200

182 1420 288 1486 Prona
302 1421 403 1507 igitur
416 1421 581 1506 facilisque
597 1423 660 1488 suit
675 1423 807 1490 victoria
822 1423 963 1500 Gotthis,

226 1519 293 1602 Qui
306 1520 442 1585 Romam
457 1532 569 1608 mystea
584 1546 776 1609 supposuere
791 1546 856 1589 suo.

181 1619 322 1703 Jamque
337 1620 506 1705 potestatis
520 1620 610 1707 Papa
625 1632 708 1687 esset
723 1623 849 1688 culmen
863 1623 1006 1709 adeptus,

227 1717 263 1785 Si
277 1741 341 1783 non
354 1716 550 1785 Gotthorum
567 1744 624 1786 rex
639 1722 830 1789 metuendus
845 1734 921 1788 erat.

184 1815 333 1901 Namque
348 1840 368 1882 a
381 1816 535 1883 Romanis
550 1819 665 1904 aquilis
681 1818 814 1885 Oriente
828 1820 966 1898 remotis,

226 1915 303 1981 Non
317 1915 384 1980 ulla
397 1939 552 2003 apparens
567 1940 661 1984 causa
674 1917 798 1984 timoris
813 1928 891 1984 erat.

184 2014 260 2080 Illas
274 2014 365 2080 miles
380 2038 454 2081 aves
468 2016 546 2081 fecit
561 2038 752 2101 quacunque
767 2018 872 2082 volare

226 2113 356 2180 Vellet:
373 2125 450 2180 sunt
463 2125 497 2180 et
510 2138 584 2181 aves
598 2138 678 2200 quas
687 2117 782 2201 jubet
795 2115 849 2182 ille
863 2117 963 2182 bonae.

184 2212 220 2277 N
220 2236 261 2278 on
276 2223 363 2279 caret
376 2212 515 2299 auspicio
530 2214 743 2299 quodcunque
757 2213 912 2301 inceperit
924 2214 987 2291 ille,

228 2311 293 2380 Cui
306 2335 371 2378 non
385 2312 495 2378 invitae
511 2313 725 2399 subjiciuntur
738 2336 821 2379 aves.
1139 2315 1221 2376 1210

184 2412 324 2496 Jamque
339 2413 475 2498 probans
489 2411 572 2478 vires
587 2411 685 2498 Papa,
701 2412 954 2479 excommunicat
968 2412 1071 2499 ipsum

227 2509 501 2596 Induperatorem,
518 2510 644 2576 nomine
660 2510 878 2576 Anastasium.

186 2609 249 2674 Soc.
274 2608 365 2676 Cur?
397 2609 456 2673 Pr.
474 2606 695 2675 Chalcedoniae
713 2607 833 2695 Synodi
849 2610 975 2675 decreta
989 2611 1090 2676 teneri

228 2708 263 2773 N
264 2731 305 2774 on
320 2706 407 2783 feeit,
424 2717 580 2791 quantum
596 2706 799 2774 Catholicum
813 2708 929 2773 decuit

186 2806 267 2873 Post
279 2807 366 2872 hune
379 2805 405 2871 J
407 2806 542 2885 ustinus,
558 2816 630 2892 post
643 2807 734 2871 illum
748 2806 773 2871 J
776 2805 953 2872 ustinianus

229 2905 400 2993 Regnavit,
416 2904 513 2992 Papis
527 2916 562 2972 et
576 2906 721 2992 placuere
737 2905 810 2971 suis

188 3005 333 3088 Quorum
349 3005 400 3071 hic
415 3005 568 3093 imprimis
582 3006 721 3071 Romani
738 3004 855 3073 Codice
869 3004 895 3070 J
896 3004 961 3070 uris

229 3104 378 3192 Insignis,
393 3104 489 3191 longo
505 3115 647 3191 tempore
656 3106 731 3190 jura
745 3104 851 3170 dedit:

188 3203 292 3270 Foelix
306 3204 430 3270 eximiis
444 3205 592 3288 belloque
607 3215 640 3270 et
655 3227 730 3290 pace
745 3203 909 3280 ministris,

232 3302 377 3385 Quorum
392 3302 527 3368 virtutes
542 3302 676 3367 eredidit
690 3325 757 3367 esse
772 3325 852 3367 suas.
1143 3305 1225 3365 1220

189 3401 278 3467 Huic
293 3401 434 3470 Gotthos
450 3401 554 3467 Latiis
569 3401 744 3467 Bolisarius
759 3400 882 3487 expulit
895 3401 988 3478 arvis,

230 3499 439 3586 (Quanquam
455 3522 553 3565 uxore
568 3498 686 3581 minor)
701 3499 856 3563 maximus
871 3498 924 3565 ille
938 3499 1066 3565 ducum.

189 3596 383 3663 Pontificum
399 3598 498 3684 pulsis
512 3597 632 3663 effulsit
645 3598 746 3684 gloria
761 3596 910 3664 Gotthis:

233 3696 301 3763 Sub
316 3697 394 3763 coelo
409 3720 515 3763 rerum
530 3698 670 3762 maxima
686 3697 774 3784 Papa
788 3696 861 3762 suit.

191 3793 321 3863 Cedunt
335 3819 422 3861 arma
434 3796 546 3873 mitrae,
563 3796 718 3862 concessit
732 3797 898 3883 episcopus
912 3795 1030 3862 omnis:

233 3895 305 3959 Etsi
320 3895 454 3981 quisque
469 3895 529 3962 sibi
540 3897 595 3981 jus
610 3896 758 3983 cupiebat
772 3896 866 3961 idem.

191 3993 303 4070 Gessit,
319 3993 373 4058 sed
388 3995 487 4071 tarde,
504 3992 884 4080 constantinopolitanus,

232 4093 371 4177 AEquali
385 4116 568 4178 quanquam
582 4094 698 4180 dignus
712 4094 830 4160 honore
845 4093 916 4158 suit.

192 4191 370 4258 Leviathan
385 4194 523 4270 naribus,
538 4193 781 4278 Behemothque
803 4202 965 4278 receperat
978 4191 1127 4257 hamum:

235 4291 281 4357 Et
296 4291 369 4357 Rex
383 4302 417 4358 et
432 4292 576 4379 Populus
591 4315 701 4358 servus
715 4303 851 4376 uterque
866 4291 937 4357 suit.
1143 4298 1225 4359 1230

193 4392 254 4455 Sec.
272 4390 426 4478 Amplius
440 4414 517 4479 ergo
530 4391 611 4456 nihil
626 4392 723 4478 Papae
738 4394 879 4458 restabat
891 4392 1060 4479 agendum,
