2932 5054
350 471 534 535 huonon
553 471 820 528 ononararca
838 473 928 527 nnc.
1082 450 1149 530 197

117 639 337 734 geometrice
354 651 434 714 tum
451 640 679 714 arithmetice
696 652 889 714 sumuntur
905 636 1052 733 ubique,
1074 658 1151 708 om·
1190 657 1332 760 Q

118 773 184 823 nes
197 751 302 824 simul
312 766 398 827 sunt
408 754 557 828 caedem.
593 754 718 828 Perdit
731 777 820 850 ergo
831 752 877 825 de
888 774 954 824 sua
967 748 1149 845 magnitu·
1163 784 1245 828 mmm
1253 782 1364 826 aaa,

120 863 204 936 dine
215 864 372 939 circulus
386 866 463 956 BC,
478 867 565 940 dum
582 866 672 941 facit
685 890 799 940 conus
814 863 915 939 BHG
925 863 1014 936 duas
1025 861 1151 935 tertias
1162 856 1364 959 maipa.

119 977 381 1073 magnitudinis
399 1005 473 1054 suae
490 981 654 1077 integrae.
706 980 896 1055 Quantum
910 988 1033 1050 autem
1050 999 1152 1071 mag-

118 1090 296 1165 nitudinis
307 1116 380 1165 suae
392 1094 525 1190 perdit,
537 1104 681 1167 tantum
695 1092 740 1166 ab
752 1115 861 1189 opere
875 1100 1003 1164 cessat.
1030 1089 1154 1162 Faciet

118 1226 207 1298 ergo
218 1205 366 1278 tertiam
376 1217 518 1301 partem
529 1209 606 1303 eJus
617 1206 715 1303 quod
728 1205 877 1279 fecisset
888 1202 987 1277 idem
997 1201 1154 1276 circulus

118 1315 182 1387 BC
201 1316 357 1412 integer,
376 1316 414 1390 id
431 1330 499 1406 est,
518 1317 667 1390 tertiam
686 1328 829 1414 partem
851 1317 965 1390 totius
983 1313 1150 1411 cylindri.

118 1428 186 1501 Est
198 1451 287 1524 ergo
301 1453 414 1502 conus
432 1431 541 1503 tertia
556 1453 640 1525 pars
657 1430 824 1526 cylindri,
839 1427 956 1516 idest,
970 1425 1155 1524 cylindrus

119 1539 203 1612 coni
219 1540 287 1612 sibi
304 1540 469 1637 inscripti
487 1554 543 1614 est
559 1541 700 1637 triplus.
758 1592 760 1597 -

182 1674 239 1725 1v.
274 1652 412 1726 Eadem
446 1654 621 1728 methodo
660 1652 804 1728 ostendi
841 1663 963 1749 potest
996 1650 1154 1748 spatium

120 1764 254 1862 spirale
268 1765 367 1862 quod
385 1768 538 1863 aprima
554 1767 723 1841 circulari
736 1766 962 1840 revolutione
978 1765 1153 1854 nascitur,

121 1901 199 1951 esse
217 1879 363 1952 tertiam
380 1894 522 1975 partem
540 1881 653 1976 ipsius
670 1879 809 1953 circuli.

172 1989 312 2064 Centro
330 1991 375 2080 A,
395 1991 497 2065 radio
510 1992 575 2065 AB
589 1993 665 2088 (fig.
675 1993 727 2085 xi)
740 1989 969 2064 describatur
984 1988 1156 2078 circulus,

122 2116 336 2199 seceturque
357 2128 380 2177 a
401 2105 511 2179 rectis
529 2106 605 2195 AC,
633 2106 714 2195 AD,
739 2105 806 2178 ΑΕ
828 2115 911 2193 eta,
938 2103 1154 2178 octifariam.

123 2217 276 2291 Secctur
305 2216 404 2289 idem
432 2217 702 2291 semidiameter
728 2216 944 2304 octifariam,
962 2218 1065 2314 cujus
1082 2239 1157 2289 una

123 2342 254 2403 octava
264 2330 323 2402 Aa
336 2343 485 2404 notetur
501 2332 538 2403 iu
552 2343 655 2405 recta
668 2330 752 2403 AC:
772 2330 905 2404 deinde
922 2329 1004 2404 duae
1018 2339 1156 2403 octava

123 2443 162 2516 in
175 2442 277 2515 radio
289 2442 358 2516 ΑΙ)
370 2444 418 2518 ad
428 2443 467 2517 b:
487 2455 561 2517 tres
579 2445 618 2517 in
635 2443 738 2518 radio
752 2443 815 2515 ΑΕ
829 2442 877 2516 ad
891 2468 929 2515 c:
947 2455 1104 2539 quatuor
1117 2441 1155 2515 in

122 2555 226 2628 radio
237 2555 301 2627 AF
311 2555 360 2628 ad
373 2556 402 2629 d
406 2583 415 2627 ε
434 2555 593 2652 quinque
604 2557 641 2628 in
653 2555 755 2629 radio
769 2555 836 2626 AG
848 2554 895 2627 ad
907 2578 943 2627 c:
962 2579 1025 2628 sex
1043 2555 1080 2626 in
1098 2578 1156 2627 re-

125 2668 185 2741 dio
199 2668 271 2740 AH
290 2668 390 2764 ads:
408 2682 549 2766 septem
561 2669 599 2741 in
611 2669 714 2742 radio
732 2668 783 2741 ΑΙ
797 2667 844 2740 ad
856 2693 898 2766 g.
925 2667 1157 2763 Intelligatur

125 2794 249 2854 autem
274 2805 571 2879 unamquamque
594 2795 761 2856 octavam
780 2781 933 2854 divisam
955 2804 1047 2870 esse,
1064 2781 1159 2854 sicut

124 2907 224 2968 totus
250 2895 385 2984 rodina,
403 2897 441 2968 in
466 2908 590 2992 partes
615 2906 672 2968 tot
696 2895 853 2991 aequales
877 2894 915 2967 in
938 2907 1028 2989 quot
1044 2893 1158 2966 dividi

125 3032 231 3104 posse
249 3007 475 3104 intelligibile
499 3020 570 3081 est:
599 3008 650 3082 ita
670 3020 711 3082 nt
737 3032 889 3104 quarum
916 3008 1075 3104 partium
1094 3006 1158 3079 AB

126 3132 182 3195 est
200 3131 236 3207 8,
254 3120 315 3193 Aa
333 3119 546 3209 sitl,Ab2,
560 3120 615 3193 Ac
629 3130 663 3209 3,
679 3120 740 3194 Ad
754 3131 788 3210 4,
804 3119 861 3194 Ae
879 3129 913 3209 5,
933 3121 993 3218 Af
1001 3128 1037 3206 6,
1052 3121 1158 3217 Agr.

126 3233 268 3308 Deinde
294 3232 522 3327 intelligatur
540 3232 688 3306 ductam
713 3257 791 3306 esse
815 3233 950 3306 lineam
976 3233 1159 3329 spiralem,

127 3349 230 3444 cujus
248 3346 392 3420 initium
410 3357 466 3418 est
485 3346 520 3419 A
538 3359 576 3419 et
593 3344 675 3419 finis
694 3347 737 3435 Β,
751 3370 816 3443 per
833 3347 956 3420 omnia
972 3357 1110 3442 puncta
1124 3371 1161 3431 a,

128 3459 161 3547 b,
179 3485 210 3550 c,
229 3457 265 3548 d,
284 3458 363 3555 e‚s,
379 3483 421 3556 g,
448 3458 491 3531 Β.
543 3459 667 3555 Atque
692 3459 772 3532 haec
798 3460 869 3532 erit
894 3460 991 3532 linea
1018 3459 1161 3556 spinalis

128 3573 311 3669 descripta
333 3572 379 3644 ab
397 3572 627 3645 Archimede.
679 3572 957 3646 Ostendendum
982 3597 1070 3669 ergo
1095 3585 1162 3661 est,

128 3685 286 3780 spatium
306 3683 519 3757 conclusum
542 3684 588 3757 ab
605 3686 674 3756 hac
698 3684 794 3757 linea
817 3685 941 3780 spirali
965 3698 1003 3759 et
1019 3710 1041 3758 a
1058 3686 1162 3759 semi·

129 3796 307 3869 diametro
326 3793 394 3867 AB
413 3819 490 3868 esse
508 3796 654 3869 tertiam
677 3807 818 3892 partem
835 3797 962 3870 circuli
979 3795 1088 3872 BCD.

180 3908 363 3985 Quoniam
388 3908 543 3982 circulus
561 3907 703 3984 BCD-
723 3908 840 3982 factus
862 3923 918 3984 est
944 3910 1078 3983 aradii
1095 3909 1163 3982 AB

129 4022 263 4117 integri
286 4020 612 4111 circumductione,
636 4032 673 4094 et
699 4023 857 4117 spatium
877 4023 1009 4119 spirale
1032 4024 1077 4096 ab
1102 4048 1164 4097 eo·

131 4136 213 4209 dem
231 4134 334 4208 radio
348 4134 412 4207 sed
430 4134 635 4224 deficiente,
650 4134 689 4207 id
707 4145 762 4207 est
776 4148 941 4210 cessante
959 4136 1094 4233 ubique
1108 4161 1165 4211 se-

130 4247 292 4321 cundum
331 4248 513 4320 rationem
552 4259 760 4344 temporum
793 4247 1039 4346 duplicatam:
1080 4261 1166 4324 sunt

130 4361 230 4434 enim
250 4361 377 4436 circuli
400 4385 525 4436 omnes
542 4385 607 4458 per
624 4386 659 4451 a,
679 4358 713 4450 b,
731 4386 763 4449 c,
782 4361 907 4454 dcto,
925 4363 963 4438 in
981 4363 1167 4461 duplicata
