2932 5054
392 409 577 471 amnnor
597 409 869 464 nnounrmca
888 413 975 465 nnc.
1133 398 1197 464 181

158 588 195 653 et
205 590 401 676 propterea
409 606 571 676 gnomon
582 581 644 655 ille
662 581 868 677 triplicatus
878 594 917 655 et
926 580 1013 655 huie
1024 604 1201 678 superpo·
1254 605 1322 645 car·
1338 605 1380 646 vr.

159 694 251 767 situs
268 717 487 790 congruere:
515 695 673 768 sednon
691 694 874 790 congruit,
887 718 974 768 nam
985 695 1105 769 minor
1123 704 1180 769 est
1191 673 1416 788 ruffin

157 805 304 879 videtur
319 806 406 879 hine
420 806 591 880 concludi
611 829 718 902 posse
730 806 827 880 latus
841 807 1021 904 quadrati,
1036 807 1134 904 quod
1152 809 1201 881 sit
1212 797 1316 904 ¹323?
1328 796 1415 840 ''⁶³⁰¹''

159 919 355 1016 decuplum
380 919 550 1017 quadrati
566 945 589 992 a
606 919 824 1010 semilatere,
842 924 960 1019 majus
985 946 1064 996 esse
1091 946 1201 1018 quam

157 1032 379 1129 quadratum
396 1057 419 1106 a
436 1033 511 1106 BL.
559 1033 685 1108 Quare
702 1034 847 1107 antem?
892 1034 990 1108 Quia
1006 1036 1127 1109 minus
1145 1049 1202 1108 est

156 1158 335 1240 qnantum
347 1156 401 1218 est
417 1146 569 1242 duplum
581 1145 839 1242 quadratnlum
849 1146 919 1235 mla,
930 1146 988 1219 vel
999 1148 1124 1234 cZ,vel
1134 1148 1200 1221 eY.

206 1258 305 1332 Nam
323 1259 514 1355 supposito
532 1271 673 1331 rectam
696 1257 760 1330 BC
780 1259 934 1332 divisam
954 1283 1034 1333 esse
1052 1261 1089 1334 in
1109 1261 1201 1336 dno-

158 1371 286 1446 decem
313 1388 438 1469 partes
466 1371 636 1468 aequales,
665 1384 785 1445 totum
814 1371 1035 1469 quadratum
1066 1375 1200 1448 ABOD

157 1487 227 1560 erit
253 1486 399 1558 illarum
427 1485 590 1582 partium
619 1494 705 1558 144:
738 1485 960 1582 quadratum
985 1486 1106 1560 CIYH
1133 1496 1200 1562 48:

157 1599 258 1687 item,
287 1598 508 1694 quadratum
538 1598 610 1671 AX
637 1607 703 1671 48:
732 1612 770 1671 et
799 1598 1019 1694 quadratum
1048 1600 1112 1672 DZ
1138 1609 1199 1674 48.

158 1712 252 1785 Haee
269 1711 394 1784 omnia
410 1725 497 1785 sunt
513 1721 600 1786 288.
637 1711 822 1787 Quoniam
839 1723 962 1785 autem
980 1712 1201 1808 quadratum

156 1849 180 1897 a
197 1824 245 1899 CI
264 1824 477 1898 semilatere
489 1837 545 1897 est
559 1833 619 1913 36,
638 1838 758 1898 toturn
777 1825 1010 1920 quadratum,
1028 1827 1128 1922 quod
1145 1839 1207 1900 est'

157 1940 236 2033 ejus
254 1938 464 2034 decuplum,
484 1937 593 2012 debet
611 1961 690 2011 esse
709 1946 793 2012 360.
821 1939 982 2034 Dempta
1001 1940 1115 2035 igitur
1127 1947 1201 2013 288

157 2076 180 2124 a
197 2059 283 2139 360,
301 2052 483 2148 reliquum
500 2056 547 2134 72
569 2051 680 2125 debet
697 2075 777 2125 esse
790 2052 931 2148 aequale
948 2052 1091 2126 duobus
1108 2064 1201 2126 reet-

156 2164 302 2260 angulis
314 2164 515 2260 aequalibus
528 2164 600 2238 XD
614 2174 652 2237 et
663 2164 743 2252 DY,
758 2177 796 2237 et
807 2166 985 2238 utrumvis
1000 2166 1111 2239 debet
1123 2190 1202 2239 esse

157 2285 223 2352 36:
238 2276 391 2350 sednon
405 2288 473 2350 eet.
498 2276 565 2350 Est
579 2276 677 2349 enim
692 2277 914 2374 quadratum
925 2279 987 2351 FD
993 2278 1052 2351 Kk
1061 2280 1202 2376 aeqnale

157 2389 338 2488 quadrato
357 2413 380 2462 a
397 2389 460 2462 BE
474 2389 533 2462 vel
552 2387 612 2479 01,
627 2388 665 2461 id
684 2401 740 2463 est
759 2397 805 2463 36
819 2418 827 2462 :
846 2416 869 2463 a
883 2415 955 2488 qno
970 2392 1000 2465 si
1013 2393 1203 2466 auferatur

157 2502 413 2598 reatangulum
430 2501 477 2574 lu
494 2514 532 2575 et
556 2502 716 2577 addatur
736 2506 991 2601 rectaugulum
1012 2507 1098 2596 ΧΚ,
1117 2531 1202 2580 cnm

157 2615 249 2688 illud
266 2616 385 2710 majus
402 2616 451 2689 sit
475 2640 585 2712 quam
609 2617 679 2690 hon
696 2632 875 2714 qnantum
899 2632 954 2692 est
980 2621 1202 2715 quadratum

157 2727 232 2818 kx,
261 2728 441 2826 reliquum
472 2730 728 2827 rectangnlnm
756 2731 827 2804 ΧΙ)
853 2733 974 2806 minns
995 2735 1067 2807 erit
1092 2759 1202 2832 quam

156 2841 377 2937 quadratum
397 2843 474 2930 FK,
494 2841 533 2914 id
550 2856 607 2915 est
624 2867 735 2937 quam
754 2852 815 2932 36,
835 2859 1011 2940 qnantum
1038 2860 1094 2921 est
1112 2871 1203 2944 qua-

158 2954 305 3028 dratum
324 2954 385 3027 kx
403 2955 461 3027 vel
479 2956 539 3028 cZ.
585 2956 739 3052 Propter
756 2957 911 3030 eandem
929 2983 1088 3045 causam,
1107 2971 1203 3032 rect-

157 3067 335 3164 angrdum
360 3068 428 3141 DY
453 3069 574 3141 minus
602 3070 714 3142 etiam
737 3082 794 3144 est
816 3095 926 3166 quam
945 3080 1005 3161 36,
1024 3084 1208 3166 quantum

158 3191 215 3255 est
234 3180 456 3277 quadratum
468 3182 522 3254 eY
535 3181 593 3253 vel
611 3184 671 3255 cZ.
725 3186 791 3257 Est
808 3208 896 3279 ergo
910 3198 1031 3257 totum
1048 3185 1203 3282 quadra·

156 3307 239 3368 tum
253 3293 388 3369 BLZM
406 3296 526 3368 minus
538 3321 649 3392 quam
663 3297 858 3392 decuplum
876 3298 1046 3393 quadrati
1059 3324 1082 3371 a
1094 3299 1204 3372 semi-

157 3408 285 3496 latere,
309 3409 409 3505 quod
431 3420 487 3481 est
511 3419 571 3498 36,
590 3424 768 3506 quantum
794 3422 850 3483 est
874 3411 1026 3507 duplum
1047 3412 1203 3509 quadra-

158 3521 279 3595 tnlum
293 3522 353 3594 cZ.

211 3633 311 3709 Quid
334 3632 382 3706 ad
400 3633 480 3706 haec
497 3633 710 3730 responderi
728 3634 876 3730 potest?
929 3635 968 3708 si
995 3637 1033 3708 in
1052 3637 1205 3710 demon-

157 3750 337 3824 stratione
355 3750 477 3846 priore
495 3749 597 3822 locus
615 3750 663 3822 sit
680 3750 968 3847 reprehensioni,
995 3776 1082 3824 sane
1100 3752 1204 3824 nihil.

159 3863 234 3937 Sed
260 3863 324 3935 illa
340 3886 441 3936 mere
459 3862 694 3935 arithmetica
712 3873 779 3950 est,
797 3863 860 3935 nbi
885 3863 958 3935 labi
982 3865 1102 3936 minus
1118 3888 1206 3961 pro-

156 4001 245 4050 num
264 3990 333 4049 est.

210 4090 339 4186 Itaque
358 4088 604 4184 objectionem
623 4089 742 4185 primo
768 4088 966 4161 invalidam
985 4114 1063 4163 esse
1082 4101 1206 4164 osten-

157 4204 269 4278 dam:
296 4201 429 4275 deinde
456 4200 662 4274 differentia
692 4202 753 4274 illa
787 4200 888 4297 dupli
916 4202 1124 4297 quadratnli
1155 4203 1204 4276 cZ

156 4318 258 4392 unde
275 4315 451 4390 nascitur.
