2918 5054
428 430 513 484 nux
532 430 851 486 numennumen.
1088 419 1152 487 lll

116 606 175 668 eet
202 593 420 670 ostendere:
448 596 513 672 scd
542 609 689 695 sumpta
718 622 763 672 ex
798 595 977 672 Hobbesii
1012 596 1369 671 tabellisconmovm-

118 708 257 782 somnio
288 733 355 783 suo
384 710 613 809 subscripsit,
647 724 691 787 ut
723 736 747 786 c
779 734 818 786 se
848 712 999 785 inventa
1032 710 1159 784 crede·
1197 708 1340 813 Q

116 831 256 896 rentur.

165 935 389 1022 Hobbesius‚
407 961 488 1033 cap.
505 936 590 1011 xvii.
618 949 687 1013 art.
706 949 742 1028 2,
760 951 804 1012 ut
823 940 1024 1035 figurarum
1044 936 1159 1010 dicta-

116 1071 198 1122 mm
215 1049 264 1122 ad
281 1073 347 1124 sua
360 1051 573 1146 reetanguia
585 1052 746 1125 rationes
759 1052 972 1148 explicaret,
986 1050 1159 1146 supponit

115 1160 235 1235 intera
250 1164 455 1260 rectcnguli
472 1165 607 1260 angulo
624 1177 728 1238 recto
741 1164 949 1261 adjacentia
962 1163 1099 1237 moveri
1112 1163 1161 1237 ad

115 1270 234 1348 latera
250 1275 320 1348 sibi
336 1277 504 1373 opposita
515 1276 722 1373 parallelas,
737 1289 903 1373 tempore
917 1287 955 1350 et
965 1277 1159 1350 velocitate

114 1384 336 1461 habentibus
362 1389 461 1462 inter
488 1413 527 1462 se
556 1389 737 1463 rationem
769 1389 969 1486 quemlibet
997 1391 1159 1464 numeris

112 1500 307 1573 effabilem.
354 1500 437 1574 Quo
457 1502 657 1598 supposito,
671 1500 865 1575 deducitur
879 1501 927 1574 od
943 1501 1160 1597 propositio·

114 1636 200 1687 nem
217 1614 472 1704 universalem,
489 1637 622 1710 nempe
638 1614 759 1687 hano:
790 1613 836 1687 Si
864 1613 1076 1711 reclangal'
1103 1612 1160 1687 la·

115 1734 177 1798 tao
193 1725 372 1799 utramvis
387 1749 514 1798 aercae
531 1725 632 1798 latas
649 1725 722 1799 eibi
738 1725 947 1824 oppositam
972 1737 1160 1801 moveator

110 1836 342 1936 parallelas,
362 1847 549 1936 perpetuo
567 1838 781 1912 decrescens
800 1838 915 1912 donec
935 1837 973 1911 im
984 1848 1160 1934 pamtam

112 1959 322 2039 evanescat,
349 1950 458 2047 idque
474 1950 670 2024 secumdam
686 1950 870 2025 rationum
887 1951 1070 2024 rationem
1088 1951 1158 2024 all·

112 2087 225 2162 quam
241 2062 402 2137 cameris
425 2062 700 2162 explicabilem,
719 2073 759 2138 al
778 2062 970 2162 aqualem,
988 2063 1158 2162 duplica-

113 2185 202 2267 tam,
230 2175 472 2274 triplicatam,
495 2177 745 2275 etc..·figura
770 2201 814 2249 eo
843 2185 938 2250 mola
968 2176 1159 2275 decompta

113 2287 191 2362 erit
206 2287 263 2362 ad
275 2287 581 2387 complementum,
599 2287 642 2362 ia
657 2297 728 2378 ea,
745 2288 801 2361 ad
815 2289 1001 2362 residuam
1016 2298 1160 2363 reclam-

111 2400 210 2500 gab‘,
228 2399 267 2474 in
283 2400 411 2476 eadem
427 2400 574 2476 ratione
590 2426 700 2500 qaam
717 2399 854 2475 labent
878 2401 977 2475 inter
1000 2426 1041 2475 ee
1065 2403 1158 2501 epea

111 2513 294 2603 rationes,
316 2537 455 2612 nempe,
481 2513 623 2604 eadem,
645 2512 706 2587 ael
727 2513 935 2611 duplicata,
954 2514 1013 2588 cel
1033 2515 1158 2616 tripli-

116 2637 219 2717 cata,
237 2635 308 2700 etc.

165 2737 439 2814 Demonstratio
457 2749 558 2814 extat
574 2762 659 2813 cum
676 2739 800 2812 multis
816 2741 955 2836 figuris,
979 2765 1061 2839 quae
1083 2766 1158 2816 non

113 2875 264 2927 necesse
291 2864 415 2926 estut
440 2852 512 2926 hoc
539 2853 621 2927 loco
650 2863 875 2948 repetantur.
926 2854 1069 2951 Legunt
1096 2855 1159 2951 qni

115 2965 299 3040 dubitent
350 2965 434 3063 lpse
452 2965 551 3040 illam
578 2966 717 3063 legem,
744 2966 946 3064 legitimam
969 2968 1156 3062 judicavi:

111 3079 201 3166 imo,
218 3102 293 3152 non
312 3077 501 3176 indignam
518 3102 601 3176 quae
615 3078 812 3152 haberetur
828 3103 896 3176 pro
914 3081 1107 3154 axiomate.

164 3191 300 3265 Nonne
326 3191 398 3264 hoc
415 3192 547 3283 sciunt,
564 3191 629 3288 qui
655 3191 842 3265 mercandi
859 3216 969 3266 causa
986 3195 1160 3290 pecunias

109 3316 334 3401 congerunt,
351 3304 420 3378 etsi
443 3329 490 3378 ne
517 3327 650 3378 nomen
668 3303 815 3401 quidem
844 3305 1007 3380 Euclidis
1034 3308 1159 3381 audie-

115 3430 214 3510 runt,
231 3415 506 3515 negotiatores?
548 3417 682 3490 Nonne
700 3417 821 3490 sciunt
836 3417 973 3492 lumine
987 3421 1157 3511 naturali,

109 3553 162 3604 ex
195 3529 340 3605 ratione
369 3529 589 3604 contributae
615 3529 782 3625 pecuniae
809 3543 984 3626 quantam
1013 3543 1157 3630 partem

112 3641 209 3717 lucri
227 3642 302 3716 sive
319 3641 486 3740 pecuniae
509 3642 761 3739 multiplicatae
787 3644 972 3738 postulare
998 3643 1157 3719 debent?

107 3755 279 3830 -Ponctnr
296 3757 393 3830 enim
409 3778 477 3853 pro
494 3755 651 3852 pecunia
667 3756 878 3830 contributa
894 3781 918 3830 a
934 3757 1076 3832 duobus
1093 3783 1158 3832 ne·

112 3869 360 3966 gotictoribus
378 3868 633 3964 rectiangulum
651 3870 695 3942 A.
750 3869 789 3942 Si
802 3893 890 3967 ergo
903 3872 1059 3969 aeqnclie
1072 3896 1158 3947 con-

112 3982 332 4071 tn‘bnerent,
343 3994 500 4078 uterque
517 3981 769 4079 multiplicatae
785 3985 950 4080 pecuniae
967 3984 1158 4060 dimidium

110 4095 292 4192 petiisset,
309 4094 435 4186 idest,
452 4118 474 4169 e
496 4095 711 4192 rectangulo
728 4094 763 4168 Α
781 4097 1006 4194 triangulum
1034 4099 1157 4172 altitu·
1270 4129 1279 4143 ·

112 4208 212 4284 dinis
228 4221 266 4284 et
282 4208 380 4284 basis
394 4206 558 4305 ejusdem
577 4233 661 4282 cum
678 4208 769 4305 ipso.
1159 4293 1161 4300 y

165 4320 317 4412 Rursus,
336 4321 368 4395 si
384 4318 478 4396 alter
495 4321 752 4397 contribuisset
769 4331 812 4397 ut
829 4331 864 4414 2,
883 4322 1031 4418 alterat
1052 4335 1083 4416 l,
1102 4325 1155 4400 di-
